;; -*- mode: org; mode: beancount; -*-
;; Birth: 1980-05-12
;; Dates: 2023-01-01 - 2025-03-27
;; THIS FILE HAS BEEN AUTO-GENERATED.
* Options

option "title" "Example Beancount file"
option "operating_currency" "USD"




* Commodities


1792-01-01 commodity USD
  name: "US Dollar"
  export: "CASH"

1900-01-01 commodity VMMXX
  export: "MUTF:VMMXX (MONEY:USD)"

1980-05-12 commodity VACHR
  name: "Employer Vacation Hours"
  export: "IGNORE"

1980-05-12 commodity IRAUSD
  name: "US 401k and IRA Contributions"
  export: "IGNORE"

1995-09-18 commodity VBMPX
  name: "Vanguard Total Bond Market Index Fund Institutional Plus Shares"
  export: "MUTF:VBMPX"
  price: "USD:google/MUTF:VBMPX"

2004-01-20 commodity ITOT
  name: "iShares Core S&P Total U.S. Stock Market ETF"
  export: "NYSEARCA:ITOT"
  price: "USD:google/NYSEARCA:ITOT"

2004-01-26 commodity VHT
  name: "Vanguard Health Care ETF"
  export: "NYSEARCA:VHT"
  price: "USD:google/NYSEARCA:VHT"

2004-11-01 commodity GLD
  name: "SPDR Gold Trust (ETF)"
  export: "NYSEARCA:GLD"
  price: "USD:google/NYSEARCA:GLD"

2007-07-20 commodity VEA
  name: "Vanguard FTSE Developed Markets ETF"
  export: "NYSEARCA:VEA"
  price: "USD:google/NYSEARCA:VEA"

2009-05-01 commodity RGAGX
  name: "American Funds The Growth Fund of America Class R-6"
  export: "MUTF:RGAGX"
  price: "USD:google/MUTF:RGAGX"



* Equity Accounts

1980-05-12 open Equity:Opening-Balances
1980-05-12 open Liabilities:AccountsPayable



* Banking

2023-01-01 open Assets:US:BofA
  institution: "Bank of America"
  address: "123 America Street, LargeTown, USA"
  phone: "+1.012.345.6789"
2023-01-01 open Assets:US:BofA:Checking                        USD
  account: "00234-48574897"

2023-01-01 * "Opening Balance for checking account"
  Assets:US:BofA:Checking                         4121.66 USD
  Equity:Opening-Balances                        -4121.66 USD

2023-01-02 balance Assets:US:BofA:Checking        4121.66 USD

2023-01-04 * "BANK FEES" "Monthly bank fee"
  Assets:US:BofA:Checking                           -4.00 USD
  Expenses:Financial:Fees                            4.00 USD

2023-01-05 * "RiverBank Properties" "Paying the rent"
  Assets:US:BofA:Checking                        -2400.00 USD
  Expenses:Home:Rent                              2400.00 USD

2023-01-08 * "EDISON POWER" ""
  Assets:US:BofA:Checking                          -65.00 USD
  Expenses:Home:Electricity                         65.00 USD

2023-01-19 * "Verizon Wireless" ""
  Assets:US:BofA:Checking                          -65.21 USD
  Expenses:Home:Phone                               65.21 USD

2023-01-21 * "Wine-Tarner Cable" ""
  Assets:US:BofA:Checking                          -79.86 USD
  Expenses:Home:Internet                            79.86 USD

2023-01-27 balance Assets:US:BofA:Checking        4133.57 USD

2023-02-04 * "BANK FEES" "Monthly bank fee"
  Assets:US:BofA:Checking                           -4.00 USD
  Expenses:Financial:Fees                            4.00 USD

2023-02-04 * "RiverBank Properties" "Paying the rent"
  Assets:US:BofA:Checking                        -2400.00 USD
  Expenses:Home:Rent                              2400.00 USD

2023-02-09 * "EDISON POWER" ""
  Assets:US:BofA:Checking                          -65.00 USD
  Expenses:Home:Electricity                         65.00 USD

2023-02-20 * "Verizon Wireless" ""
  Assets:US:BofA:Checking                          -62.71 USD
  Expenses:Home:Phone                               62.71 USD

2023-02-22 * "Wine-Tarner Cable" ""
  Assets:US:BofA:Checking                          -80.06 USD
  Expenses:Home:Internet                            80.06 USD

2023-02-26 balance Assets:US:BofA:Checking        3439.72 USD

2023-03-04 * "BANK FEES" "Monthly bank fee"
  Assets:US:BofA:Checking                           -4.00 USD
  Expenses:Financial:Fees                            4.00 USD

2023-03-04 * "RiverBank Properties" "Paying the rent"
  Assets:US:BofA:Checking                        -2400.00 USD
  Expenses:Home:Rent                              2400.00 USD

2023-03-08 * "EDISON POWER" ""
  Assets:US:BofA:Checking                          -65.00 USD
  Expenses:Home:Electricity                         65.00 USD

2023-03-20 * "Verizon Wireless" ""
  Assets:US:BofA:Checking                          -62.91 USD
  Expenses:Home:Phone                               62.91 USD

2023-03-21 balance Assets:US:BofA:Checking        3074.39 USD

2023-03-23 * "Wine-Tarner Cable" ""
  Assets:US:BofA:Checking                          -79.82 USD
  Expenses:Home:Internet                            79.82 USD

2023-04-04 * "BANK FEES" "Monthly bank fee"
  Assets:US:BofA:Checking                           -4.00 USD
  Expenses:Financial:Fees                            4.00 USD

2023-04-05 * "RiverBank Properties" "Paying the rent"
  Assets:US:BofA:Checking                        -2400.00 USD
  Expenses:Home:Rent                              2400.00 USD

2023-04-08 * "EDISON POWER" ""
  Assets:US:BofA:Checking                          -65.00 USD
  Expenses:Home:Electricity                         65.00 USD

2023-04-17 balance Assets:US:BofA:Checking        2386.68 USD

2023-04-18 * "Verizon Wireless" ""
  Assets:US:BofA:Checking                          -69.19 USD
  Expenses:Home:Phone                               69.19 USD

2023-04-23 * "Wine-Tarner Cable" ""
  Assets:US:BofA:Checking                          -80.07 USD
  Expenses:Home:Internet                            80.07 USD

2023-05-04 * "BANK FEES" "Monthly bank fee"
  Assets:US:BofA:Checking                           -4.00 USD
  Expenses:Financial:Fees                            4.00 USD

2023-05-04 * "RiverBank Properties" "Paying the rent"
  Assets:US:BofA:Checking                        -2400.00 USD
  Expenses:Home:Rent                              2400.00 USD

2023-05-09 * "EDISON POWER" ""
  Assets:US:BofA:Checking                          -65.00 USD
  Expenses:Home:Electricity                         65.00 USD

2023-05-16 balance Assets:US:BofA:Checking        1967.02 USD

2023-05-19 * "Verizon Wireless" ""
  Assets:US:BofA:Checking                          -36.63 USD
  Expenses:Home:Phone                               36.63 USD

2023-05-21 * "Wine-Tarner Cable" ""
  Assets:US:BofA:Checking                          -80.03 USD
  Expenses:Home:Internet                            80.03 USD

2023-06-03 * "RiverBank Properties" "Paying the rent"
  Assets:US:BofA:Checking                        -2400.00 USD
  Expenses:Home:Rent                              2400.00 USD

2023-06-04 * "BANK FEES" "Monthly bank fee"
  Assets:US:BofA:Checking                           -4.00 USD
  Expenses:Financial:Fees                            4.00 USD

2023-06-06 balance Assets:US:BofA:Checking         796.96 USD

2023-06-08 * "EDISON POWER" ""
  Assets:US:BofA:Checking                          -65.00 USD
  Expenses:Home:Electricity                         65.00 USD

2023-06-20 * "Verizon Wireless" ""
  Assets:US:BofA:Checking                          -71.82 USD
  Expenses:Home:Phone                               71.82 USD

2023-06-22 * "Wine-Tarner Cable" ""
  Assets:US:BofA:Checking                          -80.08 USD
  Expenses:Home:Internet                            80.08 USD

2023-07-03 balance Assets:US:BofA:Checking        2404.00 USD

2023-07-03 * "RiverBank Properties" "Paying the rent"
  Assets:US:BofA:Checking                        -2400.00 USD
  Expenses:Home:Rent                              2400.00 USD

2023-07-04 * "BANK FEES" "Monthly bank fee"
  Assets:US:BofA:Checking                           -4.00 USD
  Expenses:Financial:Fees                            4.00 USD

2023-07-08 * "EDISON POWER" ""
  Assets:US:BofA:Checking                          -65.00 USD
  Expenses:Home:Electricity                         65.00 USD

2023-07-20 * "Verizon Wireless" ""
  Assets:US:BofA:Checking                          -65.58 USD
  Expenses:Home:Phone                               65.58 USD

2023-07-22 * "Wine-Tarner Cable" ""
  Assets:US:BofA:Checking                          -80.01 USD
  Expenses:Home:Internet                            80.01 USD

2023-08-01 balance Assets:US:BofA:Checking        2038.27 USD

2023-08-04 * "BANK FEES" "Monthly bank fee"
  Assets:US:BofA:Checking                           -4.00 USD
  Expenses:Financial:Fees                            4.00 USD

2023-08-06 * "RiverBank Properties" "Paying the rent"
  Assets:US:BofA:Checking                        -2400.00 USD
  Expenses:Home:Rent                              2400.00 USD

2023-08-09 * "EDISON POWER" ""
  Assets:US:BofA:Checking                          -65.00 USD
  Expenses:Home:Electricity                         65.00 USD

2023-08-20 * "Verizon Wireless" ""
  Assets:US:BofA:Checking                          -76.45 USD
  Expenses:Home:Phone                               76.45 USD

2023-08-22 * "Wine-Tarner Cable" ""
  Assets:US:BofA:Checking                          -80.08 USD
  Expenses:Home:Internet                            80.08 USD

2023-08-26 balance Assets:US:BofA:Checking        3287.13 USD

2023-09-04 * "BANK FEES" "Monthly bank fee"
  Assets:US:BofA:Checking                           -4.00 USD
  Expenses:Financial:Fees                            4.00 USD

2023-09-05 * "RiverBank Properties" "Paying the rent"
  Assets:US:BofA:Checking                        -2400.00 USD
  Expenses:Home:Rent                              2400.00 USD

2023-09-08 * "EDISON POWER" ""
  Assets:US:BofA:Checking                          -65.00 USD
  Expenses:Home:Electricity                         65.00 USD

2023-09-15 * "Transfering accumulated savings to other account"
  Assets:US:BofA:Checking                           -4500 USD
  Assets:US:ETrade:Cash                              4500 USD

2023-09-18 * "Verizon Wireless" ""
  Assets:US:BofA:Checking                          -60.78 USD
  Expenses:Home:Phone                               60.78 USD

2023-09-20 balance Assets:US:BofA:Checking         834.20 USD

2023-09-22 * "Wine-Tarner Cable" ""
  Assets:US:BofA:Checking                          -79.91 USD
  Expenses:Home:Internet                            79.91 USD

2023-10-04 * "BANK FEES" "Monthly bank fee"
  Assets:US:BofA:Checking                           -4.00 USD
  Expenses:Financial:Fees                            4.00 USD

2023-10-04 * "RiverBank Properties" "Paying the rent"
  Assets:US:BofA:Checking                        -2400.00 USD
  Expenses:Home:Rent                              2400.00 USD

2023-10-08 * "EDISON POWER" ""
  Assets:US:BofA:Checking                          -65.00 USD
  Expenses:Home:Electricity                         65.00 USD

2023-10-16 balance Assets:US:BofA:Checking        3112.02 USD

2023-10-20 * "Verizon Wireless" ""
  Assets:US:BofA:Checking                          -63.08 USD
  Expenses:Home:Phone                               63.08 USD

2023-10-22 * "Wine-Tarner Cable" ""
  Assets:US:BofA:Checking                          -80.14 USD
  Expenses:Home:Internet                            80.14 USD

2023-11-04 * "BANK FEES" "Monthly bank fee"
  Assets:US:BofA:Checking                           -4.00 USD
  Expenses:Financial:Fees                            4.00 USD

2023-11-04 * "RiverBank Properties" "Paying the rent"
  Assets:US:BofA:Checking                        -2400.00 USD
  Expenses:Home:Rent                              2400.00 USD

2023-11-07 balance Assets:US:BofA:Checking        3115.40 USD

2023-11-08 * "EDISON POWER" ""
  Assets:US:BofA:Checking                          -65.00 USD
  Expenses:Home:Electricity                         65.00 USD

2023-11-10 * "Transfering accumulated savings to other account"
  Assets:US:BofA:Checking                           -4500 USD
  Assets:US:ETrade:Cash                              4500 USD

2023-11-19 * "Verizon Wireless" ""
  Assets:US:BofA:Checking                          -69.93 USD
  Expenses:Home:Phone                               69.93 USD

2023-11-21 * "Wine-Tarner Cable" ""
  Assets:US:BofA:Checking                          -80.01 USD
  Expenses:Home:Internet                            80.01 USD

2023-12-04 balance Assets:US:BofA:Checking        2868.80 USD

2023-12-04 * "BANK FEES" "Monthly bank fee"
  Assets:US:BofA:Checking                           -4.00 USD
  Expenses:Financial:Fees                            4.00 USD

2023-12-06 * "RiverBank Properties" "Paying the rent"
  Assets:US:BofA:Checking                        -2400.00 USD
  Expenses:Home:Rent                              2400.00 USD

2023-12-08 * "EDISON POWER" ""
  Assets:US:BofA:Checking                          -65.00 USD
  Expenses:Home:Electricity                         65.00 USD

2023-12-19 * "Verizon Wireless" ""
  Assets:US:BofA:Checking                          -60.87 USD
  Expenses:Home:Phone                               60.87 USD

2023-12-21 * "Wine-Tarner Cable" ""
  Assets:US:BofA:Checking                          -80.14 USD
  Expenses:Home:Internet                            80.14 USD

2023-12-25 balance Assets:US:BofA:Checking        5105.93 USD

2024-01-03 * "RiverBank Properties" "Paying the rent"
  Assets:US:BofA:Checking                        -2400.00 USD
  Expenses:Home:Rent                              2400.00 USD

2024-01-04 * "BANK FEES" "Monthly bank fee"
  Assets:US:BofA:Checking                           -4.00 USD
  Expenses:Financial:Fees                            4.00 USD

2024-01-08 * "EDISON POWER" ""
  Assets:US:BofA:Checking                          -65.00 USD
  Expenses:Home:Electricity                         65.00 USD

2024-01-20 balance Assets:US:BofA:Checking        4684.57 USD

2024-01-20 * "Verizon Wireless" ""
  Assets:US:BofA:Checking                          -66.56 USD
  Expenses:Home:Phone                               66.56 USD

2024-01-22 * "Wine-Tarner Cable" ""
  Assets:US:BofA:Checking                          -79.86 USD
  Expenses:Home:Internet                            79.86 USD

2024-02-04 * "BANK FEES" "Monthly bank fee"
  Assets:US:BofA:Checking                           -4.00 USD
  Expenses:Financial:Fees                            4.00 USD

2024-02-06 * "RiverBank Properties" "Paying the rent"
  Assets:US:BofA:Checking                        -2400.00 USD
  Expenses:Home:Rent                              2400.00 USD

2024-02-08 * "EDISON POWER" ""
  Assets:US:BofA:Checking                          -65.00 USD
  Expenses:Home:Electricity                         65.00 USD

2024-02-14 balance Assets:US:BofA:Checking        2769.30 USD

2024-02-18 * "Verizon Wireless" ""
  Assets:US:BofA:Checking                          -80.82 USD
  Expenses:Home:Phone                               80.82 USD

2024-02-22 * "Wine-Tarner Cable" ""
  Assets:US:BofA:Checking                          -80.00 USD
  Expenses:Home:Internet                            80.00 USD

2024-03-04 * "BANK FEES" "Monthly bank fee"
  Assets:US:BofA:Checking                           -4.00 USD
  Expenses:Financial:Fees                            4.00 USD

2024-03-06 * "RiverBank Properties" "Paying the rent"
  Assets:US:BofA:Checking                        -2400.00 USD
  Expenses:Home:Rent                              2400.00 USD

2024-03-09 * "EDISON POWER" ""
  Assets:US:BofA:Checking                          -65.00 USD
  Expenses:Home:Electricity                         65.00 USD

2024-03-12 balance Assets:US:BofA:Checking        2134.55 USD

2024-03-19 * "Verizon Wireless" ""
  Assets:US:BofA:Checking                          -36.61 USD
  Expenses:Home:Phone                               36.61 USD

2024-03-22 * "Wine-Tarner Cable" ""
  Assets:US:BofA:Checking                          -80.03 USD
  Expenses:Home:Internet                            80.03 USD

2024-04-03 balance Assets:US:BofA:Checking        3966.11 USD

2024-04-03 * "RiverBank Properties" "Paying the rent"
  Assets:US:BofA:Checking                        -2400.00 USD
  Expenses:Home:Rent                              2400.00 USD

2024-04-04 * "BANK FEES" "Monthly bank fee"
  Assets:US:BofA:Checking                           -4.00 USD
  Expenses:Financial:Fees                            4.00 USD

2024-04-09 * "EDISON POWER" ""
  Assets:US:BofA:Checking                          -65.00 USD
  Expenses:Home:Electricity                         65.00 USD

2024-04-20 * "Verizon Wireless" ""
  Assets:US:BofA:Checking                          -53.77 USD
  Expenses:Home:Phone                               53.77 USD

2024-04-21 * "Wine-Tarner Cable" ""
  Assets:US:BofA:Checking                          -80.02 USD
  Expenses:Home:Internet                            80.02 USD

2024-04-26 balance Assets:US:BofA:Checking        3449.06 USD

2024-05-04 * "BANK FEES" "Monthly bank fee"
  Assets:US:BofA:Checking                           -4.00 USD
  Expenses:Financial:Fees                            4.00 USD

2024-05-04 * "RiverBank Properties" "Paying the rent"
  Assets:US:BofA:Checking                        -2400.00 USD
  Expenses:Home:Rent                              2400.00 USD

2024-05-08 * "EDISON POWER" ""
  Assets:US:BofA:Checking                          -65.00 USD
  Expenses:Home:Electricity                         65.00 USD

2024-05-19 * "Verizon Wireless" ""
  Assets:US:BofA:Checking                          -49.19 USD
  Expenses:Home:Phone                               49.19 USD

2024-05-23 * "Wine-Tarner Cable" ""
  Assets:US:BofA:Checking                          -80.00 USD
  Expenses:Home:Internet                            80.00 USD

2024-05-24 balance Assets:US:BofA:Checking        2853.20 USD

2024-06-04 * "BANK FEES" "Monthly bank fee"
  Assets:US:BofA:Checking                           -4.00 USD
  Expenses:Financial:Fees                            4.00 USD

2024-06-05 * "RiverBank Properties" "Paying the rent"
  Assets:US:BofA:Checking                        -2400.00 USD
  Expenses:Home:Rent                              2400.00 USD

2024-06-08 * "EDISON POWER" ""
  Assets:US:BofA:Checking                          -65.00 USD
  Expenses:Home:Electricity                         65.00 USD

2024-06-15 balance Assets:US:BofA:Checking        1016.53 USD

2024-06-20 * "Verizon Wireless" ""
  Assets:US:BofA:Checking                          -63.42 USD
  Expenses:Home:Phone                               63.42 USD

2024-06-21 * "Wine-Tarner Cable" ""
  Assets:US:BofA:Checking                          -79.87 USD
  Expenses:Home:Internet                            79.87 USD

2024-07-04 * "BANK FEES" "Monthly bank fee"
  Assets:US:BofA:Checking                           -4.00 USD
  Expenses:Financial:Fees                            4.00 USD

2024-07-06 * "RiverBank Properties" "Paying the rent"
  Assets:US:BofA:Checking                        -2400.00 USD
  Expenses:Home:Rent                              2400.00 USD

2024-07-08 * "EDISON POWER" ""
  Assets:US:BofA:Checking                          -65.00 USD
  Expenses:Home:Electricity                         65.00 USD

2024-07-15 balance Assets:US:BofA:Checking         461.43 USD

2024-07-19 * "Verizon Wireless" ""
  Assets:US:BofA:Checking                          -58.19 USD
  Expenses:Home:Phone                               58.19 USD

2024-07-23 * "Wine-Tarner Cable" ""
  Assets:US:BofA:Checking                          -79.92 USD
  Expenses:Home:Internet                            79.92 USD

2024-08-04 * "BANK FEES" "Monthly bank fee"
  Assets:US:BofA:Checking                           -4.00 USD
  Expenses:Financial:Fees                            4.00 USD

2024-08-05 * "RiverBank Properties" "Paying the rent"
  Assets:US:BofA:Checking                        -2400.00 USD
  Expenses:Home:Rent                              2400.00 USD

2024-08-09 * "EDISON POWER" ""
  Assets:US:BofA:Checking                          -65.00 USD
  Expenses:Home:Electricity                         65.00 USD

2024-08-14 balance Assets:US:BofA:Checking         748.74 USD

2024-08-18 * "Verizon Wireless" ""
  Assets:US:BofA:Checking                          -50.91 USD
  Expenses:Home:Phone                               50.91 USD

2024-08-22 * "Wine-Tarner Cable" ""
  Assets:US:BofA:Checking                          -79.79 USD
  Expenses:Home:Internet                            79.79 USD

2024-09-04 balance Assets:US:BofA:Checking        5719.24 USD

2024-09-04 * "BANK FEES" "Monthly bank fee"
  Assets:US:BofA:Checking                           -4.00 USD
  Expenses:Financial:Fees                            4.00 USD

2024-09-05 * "RiverBank Properties" "Paying the rent"
  Assets:US:BofA:Checking                        -2400.00 USD
  Expenses:Home:Rent                              2400.00 USD

2024-09-08 * "EDISON POWER" ""
  Assets:US:BofA:Checking                          -65.00 USD
  Expenses:Home:Electricity                         65.00 USD

2024-09-13 * "Transfering accumulated savings to other account"
  Assets:US:BofA:Checking                           -4000 USD
  Assets:US:ETrade:Cash                              4000 USD

2024-09-20 * "Verizon Wireless" ""
  Assets:US:BofA:Checking                          -58.07 USD
  Expenses:Home:Phone                               58.07 USD

2024-09-22 * "Wine-Tarner Cable" ""
  Assets:US:BofA:Checking                          -80.07 USD
  Expenses:Home:Internet                            80.07 USD

2024-09-30 balance Assets:US:BofA:Checking        3545.62 USD

2024-10-03 * "RiverBank Properties" "Paying the rent"
  Assets:US:BofA:Checking                        -2400.00 USD
  Expenses:Home:Rent                              2400.00 USD

2024-10-04 * "BANK FEES" "Monthly bank fee"
  Assets:US:BofA:Checking                           -4.00 USD
  Expenses:Financial:Fees                            4.00 USD

2024-10-09 * "EDISON POWER" ""
  Assets:US:BofA:Checking                          -65.00 USD
  Expenses:Home:Electricity                         65.00 USD

2024-10-20 * "Verizon Wireless" ""
  Assets:US:BofA:Checking                          -52.92 USD
  Expenses:Home:Phone                               52.92 USD

2024-10-23 * "Wine-Tarner Cable" ""
  Assets:US:BofA:Checking                          -79.90 USD
  Expenses:Home:Internet                            79.90 USD

2024-10-27 balance Assets:US:BofA:Checking        5501.59 USD

2024-11-03 * "RiverBank Properties" "Paying the rent"
  Assets:US:BofA:Checking                        -2400.00 USD
  Expenses:Home:Rent                              2400.00 USD

2024-11-04 * "BANK FEES" "Monthly bank fee"
  Assets:US:BofA:Checking                           -4.00 USD
  Expenses:Financial:Fees                            4.00 USD

2024-11-08 * "Transfering accumulated savings to other account"
  Assets:US:BofA:Checking                           -4500 USD
  Assets:US:ETrade:Cash                              4500 USD

2024-11-09 * "EDISON POWER" ""
  Assets:US:BofA:Checking                          -65.00 USD
  Expenses:Home:Electricity                         65.00 USD

2024-11-20 * "Verizon Wireless" ""
  Assets:US:BofA:Checking                          -75.99 USD
  Expenses:Home:Phone                               75.99 USD

2024-11-21 * "Wine-Tarner Cable" ""
  Assets:US:BofA:Checking                          -79.92 USD
  Expenses:Home:Internet                            79.92 USD

2024-11-25 balance Assets:US:BofA:Checking        2867.85 USD

2024-12-03 * "RiverBank Properties" "Paying the rent"
  Assets:US:BofA:Checking                        -2400.00 USD
  Expenses:Home:Rent                              2400.00 USD

2024-12-04 * "BANK FEES" "Monthly bank fee"
  Assets:US:BofA:Checking                           -4.00 USD
  Expenses:Financial:Fees                            4.00 USD

2024-12-09 * "EDISON POWER" ""
  Assets:US:BofA:Checking                          -65.00 USD
  Expenses:Home:Electricity                         65.00 USD

2024-12-18 balance Assets:US:BofA:Checking        2335.75 USD

2024-12-19 * "Verizon Wireless" ""
  Assets:US:BofA:Checking                          -74.76 USD
  Expenses:Home:Phone                               74.76 USD

2024-12-23 * "Wine-Tarner Cable" ""
  Assets:US:BofA:Checking                          -79.86 USD
  Expenses:Home:Internet                            79.86 USD

2025-01-03 * "RiverBank Properties" "Paying the rent"
  Assets:US:BofA:Checking                        -2400.00 USD
  Expenses:Home:Rent                              2400.00 USD

2025-01-04 * "BANK FEES" "Monthly bank fee"
  Assets:US:BofA:Checking                           -4.00 USD
  Expenses:Financial:Fees                            4.00 USD

2025-01-09 * "EDISON POWER" ""
  Assets:US:BofA:Checking                          -65.00 USD
  Expenses:Home:Electricity                         65.00 USD

2025-01-17 balance Assets:US:BofA:Checking        4388.53 USD

2025-01-19 * "Verizon Wireless" ""
  Assets:US:BofA:Checking                          -79.43 USD
  Expenses:Home:Phone                               79.43 USD

2025-01-21 * "Wine-Tarner Cable" ""
  Assets:US:BofA:Checking                          -79.89 USD
  Expenses:Home:Internet                            79.89 USD

2025-02-04 * "BANK FEES" "Monthly bank fee"
  Assets:US:BofA:Checking                           -4.00 USD
  Expenses:Financial:Fees                            4.00 USD

2025-02-04 * "RiverBank Properties" "Paying the rent"
  Assets:US:BofA:Checking                        -2400.00 USD
  Expenses:Home:Rent                              2400.00 USD

2025-02-09 * "EDISON POWER" ""
  Assets:US:BofA:Checking                          -65.00 USD
  Expenses:Home:Electricity                         65.00 USD

2025-02-13 balance Assets:US:BofA:Checking        2504.07 USD

2025-02-14 * "Transfering accumulated savings to other account"
  Assets:US:BofA:Checking                           -3500 USD
  Assets:US:ETrade:Cash                              3500 USD

2025-02-20 * "Verizon Wireless" ""
  Assets:US:BofA:Checking                          -63.42 USD
  Expenses:Home:Phone                               63.42 USD

2025-02-21 * "Wine-Tarner Cable" ""
  Assets:US:BofA:Checking                          -80.02 USD
  Expenses:Home:Internet                            80.02 USD

2025-03-04 * "BANK FEES" "Monthly bank fee"
  Assets:US:BofA:Checking                           -4.00 USD
  Expenses:Financial:Fees                            4.00 USD

2025-03-06 balance Assets:US:BofA:Checking        1557.83 USD



* Credit-Cards

1980-05-12 open Liabilities:US:Chase:Slate                      USD

2023-01-05 * "Uncle Boons" "Eating out alone"
  Liabilities:US:Chase:Slate                       -21.85 USD
  Expenses:Food:Restaurant                          21.85 USD

2023-01-08 * "Uncle Boons" "Eating out with Julie"
  Liabilities:US:Chase:Slate                       -13.10 USD
  Expenses:Food:Restaurant                          13.10 USD

2023-01-09 * "Chase:Slate" "Paying off credit card"
  Liabilities:US:Chase:Slate                        75.22 USD
  Assets:US:BofA:Checking                          -75.22 USD

2023-01-10 * "Cafe Modagor" "Eating out with Julie"
  Liabilities:US:Chase:Slate                       -40.27 USD
  Expenses:Food:Restaurant                          40.27 USD

2023-01-11 * "Cafe Modagor" "Eating out with Bill"
  Liabilities:US:Chase:Slate                       -20.96 USD
  Expenses:Food:Restaurant                          20.96 USD

2023-01-14 * "Rose Flower" "Eating out with Joe"
  Liabilities:US:Chase:Slate                       -53.69 USD
  Expenses:Food:Restaurant                          53.69 USD

2023-01-19 * "China Garden" "Eating out with Julie"
  Liabilities:US:Chase:Slate                       -21.78 USD
  Expenses:Food:Restaurant                          21.78 USD

2023-01-20 * "Farmer Fresh" "Buying groceries"
  Liabilities:US:Chase:Slate                       -65.66 USD
  Expenses:Food:Groceries                           65.66 USD

2023-01-22 * "Rose Flower" "Eating out with Natasha"
  Liabilities:US:Chase:Slate                       -64.45 USD
  Expenses:Food:Restaurant                          64.45 USD

2023-01-24 * "China Garden" "Eating out "
  Liabilities:US:Chase:Slate                       -48.37 USD
  Expenses:Food:Restaurant                          48.37 USD

2023-01-25 * "China Garden" "Eating out with work buddies"
  Liabilities:US:Chase:Slate                       -70.09 USD
  Expenses:Food:Restaurant                          70.09 USD

2023-01-28 balance Liabilities:US:Chase:Slate     -345.00 USD

2023-01-29 * "Kin Soy" "Eating out with Bill"
  Liabilities:US:Chase:Slate                       -28.74 USD
  Expenses:Food:Restaurant                          28.74 USD

2023-01-30 * "Goba Goba" "Eating out after work"
  Liabilities:US:Chase:Slate                       -29.09 USD
  Expenses:Food:Restaurant                          29.09 USD

2023-01-30 * "Onion Market" "Buying groceries"
  Liabilities:US:Chase:Slate                       -69.47 USD
  Expenses:Food:Groceries                           69.47 USD

2023-02-01 * "Jewel of Morroco" "Eating out with Joe"
  Liabilities:US:Chase:Slate                       -22.38 USD
  Expenses:Food:Restaurant                          22.38 USD

2023-02-02 * "Kin Soy" "Eating out after work"
  Liabilities:US:Chase:Slate                       -56.60 USD
  Expenses:Food:Restaurant                          56.60 USD

2023-02-03 * "Metro Transport Authority" "Tram tickets"
  Liabilities:US:Chase:Slate                      -120.00 USD
  Expenses:Transport:Tram                          120.00 USD

2023-02-04 * "Uncle Boons" "Eating out with Joe"
  Liabilities:US:Chase:Slate                       -52.72 USD
  Expenses:Food:Restaurant                          52.72 USD

2023-02-06 * "Cafe Modagor" "Eating out with Julie"
  Liabilities:US:Chase:Slate                       -33.65 USD
  Expenses:Food:Restaurant                          33.65 USD

2023-02-07 * "Kin Soy" "Eating out with Julie"
  Liabilities:US:Chase:Slate                       -25.63 USD
  Expenses:Food:Restaurant                          25.63 USD

2023-02-07 * "Chase:Slate" "Paying off credit card"
  Liabilities:US:Chase:Slate                       783.28 USD
  Assets:US:BofA:Checking                         -783.28 USD

2023-02-12 * "Kin Soy" "Eating out alone"
  Liabilities:US:Chase:Slate                       -48.82 USD
  Expenses:Food:Restaurant                          48.82 USD

2023-02-14 * "Goba Goba" "Eating out "
  Liabilities:US:Chase:Slate                       -36.21 USD
  Expenses:Food:Restaurant                          36.21 USD

2023-02-16 * "Cafe Modagor" "Eating out with Bill"
  Liabilities:US:Chase:Slate                       -47.26 USD
  Expenses:Food:Restaurant                          47.26 USD

2023-02-17 * "Farmer Fresh" "Buying groceries"
  Liabilities:US:Chase:Slate                       -93.31 USD
  Expenses:Food:Groceries                           93.31 USD

2023-02-19 balance Liabilities:US:Chase:Slate     -225.60 USD

2023-02-19 * "Cafe Modagor" "Eating out with Joe"
  Liabilities:US:Chase:Slate                       -22.90 USD
  Expenses:Food:Restaurant                          22.90 USD

2023-02-22 * "Kin Soy" "Eating out with work buddies"
  Liabilities:US:Chase:Slate                       -51.24 USD
  Expenses:Food:Restaurant                          51.24 USD

2023-02-26 * "Rose Flower" "Eating out "
  Liabilities:US:Chase:Slate                       -22.04 USD
  Expenses:Food:Restaurant                          22.04 USD

2023-03-03 * "Jewel of Morroco" "Eating out with work buddies"
  Liabilities:US:Chase:Slate                       -32.64 USD
  Expenses:Food:Restaurant                          32.64 USD

2023-03-04 * "Metro Transport Authority" "Tram tickets"
  Liabilities:US:Chase:Slate                      -120.00 USD
  Expenses:Transport:Tram                          120.00 USD

2023-03-07 * "Jewel of Morroco" "Eating out alone"
  Liabilities:US:Chase:Slate                       -60.20 USD
  Expenses:Food:Restaurant                          60.20 USD

2023-03-07 * "Chase:Slate" "Paying off credit card"
  Liabilities:US:Chase:Slate                       534.62 USD
  Assets:US:BofA:Checking                         -534.62 USD

2023-03-09 * "Farmer Fresh" "Buying groceries"
  Liabilities:US:Chase:Slate                       -92.28 USD
  Expenses:Food:Groceries                           92.28 USD

2023-03-12 * "Rose Flower" "Eating out alone"
  Liabilities:US:Chase:Slate                       -28.84 USD
  Expenses:Food:Restaurant                          28.84 USD

2023-03-13 * "Kin Soy" "Eating out with Natasha"
  Liabilities:US:Chase:Slate                       -38.31 USD
  Expenses:Food:Restaurant                          38.31 USD

2023-03-14 * "Kin Soy" "Eating out with Joe"
  Liabilities:US:Chase:Slate                       -15.17 USD
  Expenses:Food:Restaurant                          15.17 USD

2023-03-19 * "Kin Soy" "Eating out with Bill"
  Liabilities:US:Chase:Slate                       -37.21 USD
  Expenses:Food:Restaurant                          37.21 USD

2023-03-19 * "Onion Market" "Buying groceries"
  Liabilities:US:Chase:Slate                      -111.62 USD
  Expenses:Food:Groceries                          111.62 USD

2023-03-21 balance Liabilities:US:Chase:Slate     -323.43 USD

2023-03-22 * "Jewel of Morroco" "Eating out with Bill"
  Liabilities:US:Chase:Slate                       -42.35 USD
  Expenses:Food:Restaurant                          42.35 USD

2023-03-25 * "Uncle Boons" "Eating out "
  Liabilities:US:Chase:Slate                       -24.05 USD
  Expenses:Food:Restaurant                          24.05 USD

2023-03-26 * "China Garden" "Eating out with Bill"
  Liabilities:US:Chase:Slate                       -31.85 USD
  Expenses:Food:Restaurant                          31.85 USD

2023-03-27 * "Rose Flower" "Eating out with Natasha"
  Liabilities:US:Chase:Slate                       -13.92 USD
  Expenses:Food:Restaurant                          13.92 USD

2023-03-29 * "Goba Goba" "Eating out with Julie"
  Liabilities:US:Chase:Slate                       -54.31 USD
  Expenses:Food:Restaurant                          54.31 USD

2023-03-31 * "China Garden" "Eating out with Bill"
  Liabilities:US:Chase:Slate                       -64.51 USD
  Expenses:Food:Restaurant                          64.51 USD

2023-04-01 * "Onion Market" "Buying groceries"
  Liabilities:US:Chase:Slate                       -51.61 USD
  Expenses:Food:Groceries                           51.61 USD

2023-04-02 * "Uncle Boons" "Eating out with Bill"
  Liabilities:US:Chase:Slate                       -39.05 USD
  Expenses:Food:Restaurant                          39.05 USD

2023-04-05 * "Jewel of Morroco" "Eating out with Joe"
  Liabilities:US:Chase:Slate                       -31.34 USD
  Expenses:Food:Restaurant                          31.34 USD

2023-04-05 * "Metro Transport Authority" "Tram tickets"
  Liabilities:US:Chase:Slate                      -120.00 USD
  Expenses:Transport:Tram                          120.00 USD

2023-04-08 * "Rose Flower" "Eating out alone"
  Liabilities:US:Chase:Slate                       -16.47 USD
  Expenses:Food:Restaurant                          16.47 USD

2023-04-11 * "Chase:Slate" "Paying off credit card"
  Liabilities:US:Chase:Slate                       840.09 USD
  Assets:US:BofA:Checking                         -840.09 USD

2023-04-13 balance Liabilities:US:Chase:Slate       27.20 USD

2023-04-13 * "Goba Goba" "Eating out "
  Liabilities:US:Chase:Slate                       -27.20 USD
  Expenses:Food:Restaurant                          27.20 USD

2023-04-14 * "Farmer Fresh" "Buying groceries"
  Liabilities:US:Chase:Slate                       -99.45 USD
  Expenses:Food:Groceries                           99.45 USD

2023-04-17 * "Cafe Modagor" "Eating out with work buddies"
  Liabilities:US:Chase:Slate                       -15.09 USD
  Expenses:Food:Restaurant                          15.09 USD

2023-04-20 * "Chichipotle" "Eating out with work buddies"
  Liabilities:US:Chase:Slate                       -30.13 USD
  Expenses:Food:Restaurant                          30.13 USD

2023-04-24 * "China Garden" "Eating out with work buddies"
  Liabilities:US:Chase:Slate                       -46.79 USD
  Expenses:Food:Restaurant                          46.79 USD

2023-04-27 * "Jewel of Morroco" "Eating out after work"
  Liabilities:US:Chase:Slate                       -27.53 USD
  Expenses:Food:Restaurant                          27.53 USD

2023-05-01 * "Kin Soy" "Eating out alone"
  Liabilities:US:Chase:Slate                       -21.73 USD
  Expenses:Food:Restaurant                          21.73 USD

2023-05-04 * "Good Moods Market" "Buying groceries"
  Liabilities:US:Chase:Slate                       -96.91 USD
  Expenses:Food:Groceries                           96.91 USD

2023-05-06 * "Kin Soy" "Eating out with Bill"
  Liabilities:US:Chase:Slate                       -22.37 USD
  Expenses:Food:Restaurant                          22.37 USD

2023-05-06 * "Metro Transport Authority" "Tram tickets"
  Liabilities:US:Chase:Slate                      -120.00 USD
  Expenses:Transport:Tram                          120.00 USD

2023-05-07 * "Chase:Slate" "Paying off credit card"
  Liabilities:US:Chase:Slate                       502.60 USD
  Assets:US:BofA:Checking                         -502.60 USD

2023-05-08 * "Uncle Boons" "Eating out with Bill"
  Liabilities:US:Chase:Slate                       -22.60 USD
  Expenses:Food:Restaurant                          22.60 USD

2023-05-10 * "Good Moods Market" "Buying groceries"
  Liabilities:US:Chase:Slate                       -85.25 USD
  Expenses:Food:Groceries                           85.25 USD

2023-05-11 * "Goba Goba" "Eating out "
  Liabilities:US:Chase:Slate                       -33.55 USD
  Expenses:Food:Restaurant                          33.55 USD

2023-05-12 * "Jewel of Morroco" "Eating out "
  Liabilities:US:Chase:Slate                       -39.67 USD
  Expenses:Food:Restaurant                          39.67 USD

2023-05-13 balance Liabilities:US:Chase:Slate     -158.47 USD

2023-05-15 * "Jewel of Morroco" "Eating out with Julie"
  Liabilities:US:Chase:Slate                       -19.21 USD
  Expenses:Food:Restaurant                          19.21 USD

2023-05-16 * "Good Moods Market" "Buying groceries"
  Liabilities:US:Chase:Slate                       -73.05 USD
  Expenses:Food:Groceries                           73.05 USD

2023-05-19 * "Goba Goba" "Eating out with Julie"
  Liabilities:US:Chase:Slate                       -40.60 USD
  Expenses:Food:Restaurant                          40.60 USD

2023-05-22 * "Goba Goba" "Eating out after work"
  Liabilities:US:Chase:Slate                       -47.40 USD
  Expenses:Food:Restaurant                          47.40 USD

2023-05-22 * "Farmer Fresh" "Buying groceries"
  Liabilities:US:Chase:Slate                       -57.25 USD
  Expenses:Food:Groceries                           57.25 USD

2023-05-25 * "Kin Soy" "Eating out with work buddies"
  Liabilities:US:Chase:Slate                       -27.88 USD
  Expenses:Food:Restaurant                          27.88 USD

2023-05-28 * "Chichipotle" "Eating out "
  Liabilities:US:Chase:Slate                       -47.49 USD
  Expenses:Food:Restaurant                          47.49 USD

2023-05-31 * "Jewel of Morroco" "Eating out with Joe"
  Liabilities:US:Chase:Slate                       -24.09 USD
  Expenses:Food:Restaurant                          24.09 USD

2023-06-05 * "Uncle Boons" "Eating out with work buddies"
  Liabilities:US:Chase:Slate                       -34.61 USD
  Expenses:Food:Restaurant                          34.61 USD

2023-06-08 * "Cafe Modagor" "Eating out with Joe"
  Liabilities:US:Chase:Slate                       -47.35 USD
  Expenses:Food:Restaurant                          47.35 USD

2023-06-08 * "Corner Deli" "Buying groceries"
  Liabilities:US:Chase:Slate                      -159.46 USD
  Expenses:Food:Groceries                          159.46 USD

2023-06-08 * "Metro Transport Authority" "Tram tickets"
  Liabilities:US:Chase:Slate                      -120.00 USD
  Expenses:Transport:Tram                          120.00 USD

2023-06-09 * "Chase:Slate" "Paying off credit card"
  Liabilities:US:Chase:Slate                       877.26 USD
  Assets:US:BofA:Checking                         -877.26 USD

2023-06-10 balance Liabilities:US:Chase:Slate       20.40 USD

2023-06-11 * "Uncle Boons" "Eating out after work"
  Liabilities:US:Chase:Slate                       -20.40 USD
  Expenses:Food:Restaurant                          20.40 USD

2023-06-15 * "Goba Goba" "Eating out with Julie"
  Liabilities:US:Chase:Slate                       -20.99 USD
  Expenses:Food:Restaurant                          20.99 USD

2023-06-17 * "Corner Deli" "Buying groceries"
  Liabilities:US:Chase:Slate                      -100.05 USD
  Expenses:Food:Groceries                          100.05 USD

2023-06-18 * "China Garden" "Eating out after work"
  Liabilities:US:Chase:Slate                       -23.04 USD
  Expenses:Food:Restaurant                          23.04 USD

2023-06-23 * "Cafe Modagor" "Eating out with Joe"
  Liabilities:US:Chase:Slate                       -33.59 USD
  Expenses:Food:Restaurant                          33.59 USD

2023-06-27 * "Uncle Boons" "Eating out with Bill"
  Liabilities:US:Chase:Slate                       -63.34 USD
  Expenses:Food:Restaurant                          63.34 USD

2023-06-29 * "Jewel of Morroco" "Eating out with Julie"
  Liabilities:US:Chase:Slate                       -21.35 USD
  Expenses:Food:Restaurant                          21.35 USD

2023-07-03 balance Liabilities:US:Chase:Slate     -262.36 USD

2023-07-04 * "Chichipotle" "Eating out with Julie"
  Liabilities:US:Chase:Slate                       -32.44 USD
  Expenses:Food:Restaurant                          32.44 USD

2023-07-05 * "Rose Flower" "Eating out with Joe"
  Liabilities:US:Chase:Slate                       -50.08 USD
  Expenses:Food:Restaurant                          50.08 USD

2023-07-06 * "Corner Deli" "Buying groceries"
  Liabilities:US:Chase:Slate                       -70.84 USD
  Expenses:Food:Groceries                           70.84 USD

2023-07-07 * "Chase:Slate" "Paying off credit card"
  Liabilities:US:Chase:Slate                       452.34 USD
  Assets:US:BofA:Checking                         -452.34 USD

2023-07-08 * "Goba Goba" "Eating out "
  Liabilities:US:Chase:Slate                       -36.62 USD
  Expenses:Food:Restaurant                          36.62 USD

2023-07-09 * "Metro Transport Authority" "Tram tickets"
  Liabilities:US:Chase:Slate                      -120.00 USD
  Expenses:Transport:Tram                          120.00 USD

2023-07-13 * "Chichipotle" "Eating out with Natasha"
  Liabilities:US:Chase:Slate                       -34.44 USD
  Expenses:Food:Restaurant                          34.44 USD

2023-07-15 * "Chichipotle" "Eating out with Bill"
  Liabilities:US:Chase:Slate                       -28.44 USD
  Expenses:Food:Restaurant                          28.44 USD

2023-07-16 * "Farmer Fresh" "Buying groceries"
  Liabilities:US:Chase:Slate                       -57.53 USD
  Expenses:Food:Groceries                           57.53 USD

2023-07-18 * "Jewel of Morroco" "Eating out after work"
  Liabilities:US:Chase:Slate                       -26.17 USD
  Expenses:Food:Restaurant                          26.17 USD

2023-07-22 * "Uncle Boons" "Eating out with Julie"
  Liabilities:US:Chase:Slate                       -23.51 USD
  Expenses:Food:Restaurant                          23.51 USD

2023-07-25 * "Rose Flower" "Eating out with Natasha"
  Liabilities:US:Chase:Slate                       -27.96 USD
  Expenses:Food:Restaurant                          27.96 USD

2023-07-27 balance Liabilities:US:Chase:Slate     -318.05 USD

2023-07-29 * "Jewel of Morroco" "Eating out with work buddies"
  Liabilities:US:Chase:Slate                       -80.50 USD
  Expenses:Food:Restaurant                          80.50 USD

2023-08-02 * "Cafe Modagor" "Eating out with Natasha"
  Liabilities:US:Chase:Slate                       -23.31 USD
  Expenses:Food:Restaurant                          23.31 USD

2023-08-02 * "Farmer Fresh" "Buying groceries"
  Liabilities:US:Chase:Slate                       -65.95 USD
  Expenses:Food:Groceries                           65.95 USD

2023-08-06 * "Chichipotle" "Eating out with Bill"
  Liabilities:US:Chase:Slate                       -38.75 USD
  Expenses:Food:Restaurant                          38.75 USD

2023-08-07 * "Cafe Modagor" "Eating out alone"
  Liabilities:US:Chase:Slate                       -31.98 USD
  Expenses:Food:Restaurant                          31.98 USD

2023-08-09 * "Metro Transport Authority" "Tram tickets"
  Liabilities:US:Chase:Slate                      -120.00 USD
  Expenses:Transport:Tram                          120.00 USD

2023-08-10 * "Jewel of Morroco" "Eating out with Joe"
  Liabilities:US:Chase:Slate                       -30.00 USD
  Expenses:Food:Restaurant                          30.00 USD

2023-08-11 * "Chase:Slate" "Paying off credit card"
  Liabilities:US:Chase:Slate                       726.81 USD
  Assets:US:BofA:Checking                         -726.81 USD

2023-08-14 * "Cafe Modagor" "Eating out with Bill"
  Liabilities:US:Chase:Slate                       -18.27 USD
  Expenses:Food:Restaurant                          18.27 USD

2023-08-15 * "Kin Soy" "Eating out "
  Liabilities:US:Chase:Slate                       -28.13 USD
  Expenses:Food:Restaurant                          28.13 USD

2023-08-16 * "Good Moods Market" "Buying groceries"
  Liabilities:US:Chase:Slate                       -94.58 USD
  Expenses:Food:Groceries                           94.58 USD

2023-08-20 * "Jewel of Morroco" "Eating out with Natasha"
  Liabilities:US:Chase:Slate                       -35.67 USD
  Expenses:Food:Restaurant                          35.67 USD

2023-08-21 * "Good Moods Market" "Buying groceries"
  Liabilities:US:Chase:Slate                      -106.39 USD
  Expenses:Food:Groceries                          106.39 USD

2023-08-23 * "Kin Soy" "Eating out after work"
  Liabilities:US:Chase:Slate                       -23.90 USD
  Expenses:Food:Restaurant                          23.90 USD

2023-08-24 balance Liabilities:US:Chase:Slate     -288.67 USD

2023-08-26 * "Cafe Modagor" "Eating out with Julie"
  Liabilities:US:Chase:Slate                       -37.08 USD
  Expenses:Food:Restaurant                          37.08 USD

2023-08-31 * "Chichipotle" "Eating out with Bill"
  Liabilities:US:Chase:Slate                       -29.46 USD
  Expenses:Food:Restaurant                          29.46 USD

2023-08-31 * "Corner Deli" "Buying groceries"
  Liabilities:US:Chase:Slate                       -58.62 USD
  Expenses:Food:Groceries                           58.62 USD

2023-09-05 * "Goba Goba" "Eating out with Natasha"
  Liabilities:US:Chase:Slate                       -39.04 USD
  Expenses:Food:Restaurant                          39.04 USD

2023-09-06 * "Cafe Modagor" "Eating out with Natasha"
  Liabilities:US:Chase:Slate                       -38.47 USD
  Expenses:Food:Restaurant                          38.47 USD

2023-09-09 * "Chase:Slate" "Paying off credit card"
  Liabilities:US:Chase:Slate                       524.35 USD
  Assets:US:BofA:Checking                         -524.35 USD

2023-09-10 * "Uncle Boons" "Eating out with Joe"
  Liabilities:US:Chase:Slate                       -33.01 USD
  Expenses:Food:Restaurant                          33.01 USD

2023-09-10 * "Metro Transport Authority" "Tram tickets"
  Liabilities:US:Chase:Slate                      -120.00 USD
  Expenses:Transport:Tram                          120.00 USD

2023-09-14 * "China Garden" "Eating out with Bill"
  Liabilities:US:Chase:Slate                       -39.07 USD
  Expenses:Food:Restaurant                          39.07 USD

2023-09-17 * "Jewel of Morroco" "Eating out with Natasha"
  Liabilities:US:Chase:Slate                       -46.93 USD
  Expenses:Food:Restaurant                          46.93 USD

2023-09-18 event "location" "San Francisco"

2023-09-19 * "Starbucks" "" #trip-san-francisco-2023
  Liabilities:US:Chase:Slate                        -6.71 USD
  Expenses:Food:Coffee                               6.71 USD

2023-09-20 * "Waterbar" "" #trip-san-francisco-2023
  Liabilities:US:Chase:Slate                       -42.89 USD
  Expenses:Food:Restaurant                          42.89 USD

2023-09-20 * "Starbucks" "" #trip-san-francisco-2023
  Liabilities:US:Chase:Slate                        -5.85 USD
  Expenses:Food:Coffee                               5.85 USD

2023-09-22 * "Pizza Delfina" "" #trip-san-francisco-2023
  Liabilities:US:Chase:Slate                       -22.07 USD
  Expenses:Food:Restaurant                          22.07 USD

2023-09-23 balance Liabilities:US:Chase:Slate     -283.52 USD

2023-09-24 * "Pizza Delfina" "" #trip-san-francisco-2023
  Liabilities:US:Chase:Slate                       -20.65 USD
  Expenses:Food:Restaurant                          20.65 USD

2023-09-24 * "Waterbar" "" #trip-san-francisco-2023
  Liabilities:US:Chase:Slate                       -57.02 USD
  Expenses:Food:Restaurant                          57.02 USD

2023-09-25 * "Mission Chinese Food" "" #trip-san-francisco-2023
  Liabilities:US:Chase:Slate                       -30.34 USD
  Expenses:Food:Restaurant                          30.34 USD

2023-09-27 * "Bar Crudo" "" #trip-san-francisco-2023
  Liabilities:US:Chase:Slate                       -79.33 USD
  Expenses:Food:Restaurant                          79.33 USD

2023-09-28 * "Waterbar" "" #trip-san-francisco-2023
  Liabilities:US:Chase:Slate                       -38.63 USD
  Expenses:Food:Restaurant                          38.63 USD

2023-09-28 * "Mission Chinese Food" "" #trip-san-francisco-2023
  Liabilities:US:Chase:Slate                       -26.29 USD
  Expenses:Food:Restaurant                          26.29 USD

2023-10-01 * "Pizza Delfina" "" #trip-san-francisco-2023
  Liabilities:US:Chase:Slate                       -18.32 USD
  Expenses:Food:Restaurant                          18.32 USD

2023-10-01 * "Waterbar" "" #trip-san-francisco-2023
  Liabilities:US:Chase:Slate                       -48.13 USD
  Expenses:Food:Restaurant                          48.13 USD

2023-10-01 * "Starbucks" "" #trip-san-francisco-2023
  Liabilities:US:Chase:Slate                        -4.77 USD
  Expenses:Food:Coffee                               4.77 USD

2023-10-02 * "Mission Chinese Food" "" #trip-san-francisco-2023
  Liabilities:US:Chase:Slate                       -19.62 USD
  Expenses:Food:Restaurant                          19.62 USD

2023-10-02 * "Starbucks" "" #trip-san-francisco-2023
  Liabilities:US:Chase:Slate                        -6.40 USD
  Expenses:Food:Coffee                               6.40 USD

2023-10-03 * "Waterbar" "" #trip-san-francisco-2023
  Liabilities:US:Chase:Slate                       -53.38 USD
  Expenses:Food:Restaurant                          53.38 USD

2023-10-03 * "Mission Chinese Food" "" #trip-san-francisco-2023
  Liabilities:US:Chase:Slate                       -26.63 USD
  Expenses:Food:Restaurant                          26.63 USD

2023-10-04 * "Waterbar" "" #trip-san-francisco-2023
  Liabilities:US:Chase:Slate                       -58.47 USD
  Expenses:Food:Restaurant                          58.47 USD

2023-10-04 * "Mission Chinese Food" "" #trip-san-francisco-2023
  Liabilities:US:Chase:Slate                       -23.57 USD
  Expenses:Food:Restaurant                          23.57 USD

2023-10-06 * "Pizza Delfina" "" #trip-san-francisco-2023
  Liabilities:US:Chase:Slate                       -19.87 USD
  Expenses:Food:Restaurant                          19.87 USD

2023-10-06 * "Mission Chinese Food" "" #trip-san-francisco-2023
  Liabilities:US:Chase:Slate                       -28.30 USD
  Expenses:Food:Restaurant                          28.30 USD

2023-10-06 * "Consume vacation days"
  Assets:US:Hooli:Vacation                           -144 VACHR
  Expenses:Vacation                                   144 VACHR

2023-10-06 event "location" "New Metropolis"

2023-10-07 * "Rose Flower" "Eating out with Natasha"
  Liabilities:US:Chase:Slate                       -38.08 USD
  Expenses:Food:Restaurant                          38.08 USD

2023-10-08 * "Kin Soy" "Eating out alone"
  Liabilities:US:Chase:Slate                       -30.39 USD
  Expenses:Food:Restaurant                          30.39 USD

2023-10-08 * "Chase:Slate" "Paying off credit card"
  Liabilities:US:Chase:Slate                       274.47 USD
  Assets:US:BofA:Checking                         -274.47 USD

2023-10-10 * "Metro Transport Authority" "Tram tickets"
  Liabilities:US:Chase:Slate                      -120.00 USD
  Expenses:Transport:Tram                          120.00 USD

2023-10-11 * "Jewel of Morroco" "Eating out with Bill"
  Liabilities:US:Chase:Slate                       -15.34 USD
  Expenses:Food:Restaurant                          15.34 USD

2023-10-12 * "Corner Deli" "Buying groceries"
  Liabilities:US:Chase:Slate                       -68.14 USD
  Expenses:Food:Groceries                           68.14 USD

2023-10-15 * "China Garden" "Eating out with Bill"
  Liabilities:US:Chase:Slate                       -55.78 USD
  Expenses:Food:Restaurant                          55.78 USD

2023-10-16 * "Goba Goba" "Eating out with Joe"
  Liabilities:US:Chase:Slate                       -39.98 USD
  Expenses:Food:Restaurant                          39.98 USD

2023-10-20 * "Uncle Boons" "Eating out with Julie"
  Liabilities:US:Chase:Slate                       -22.57 USD
  Expenses:Food:Restaurant                          22.57 USD

2023-10-22 balance Liabilities:US:Chase:Slate     -959.05 USD

2023-10-23 * "Goba Goba" "Eating out with Julie"
  Liabilities:US:Chase:Slate                       -35.95 USD
  Expenses:Food:Restaurant                          35.95 USD

2023-10-23 * "Onion Market" "Buying groceries"
  Liabilities:US:Chase:Slate                       -64.84 USD
  Expenses:Food:Groceries                           64.84 USD

2023-10-24 * "Kin Soy" "Eating out with work buddies"
  Liabilities:US:Chase:Slate                       -13.43 USD
  Expenses:Food:Restaurant                          13.43 USD

2023-10-28 * "Rose Flower" "Eating out with Joe"
  Liabilities:US:Chase:Slate                       -18.08 USD
  Expenses:Food:Restaurant                          18.08 USD

2023-11-01 * "China Garden" "Eating out with Bill"
  Liabilities:US:Chase:Slate                       -20.59 USD
  Expenses:Food:Restaurant                          20.59 USD

2023-11-05 * "Chichipotle" "Eating out with Julie"
  Liabilities:US:Chase:Slate                       -41.20 USD
  Expenses:Food:Restaurant                          41.20 USD

2023-11-08 * "Good Moods Market" "Buying groceries"
  Liabilities:US:Chase:Slate                       -76.05 USD
  Expenses:Food:Groceries                           76.05 USD

2023-11-10 * "Rose Flower" "Eating out with Natasha"
  Liabilities:US:Chase:Slate                       -40.91 USD
  Expenses:Food:Restaurant                          40.91 USD

2023-11-10 * "Chase:Slate" "Paying off credit card"
  Liabilities:US:Chase:Slate                       632.86 USD
  Assets:US:BofA:Checking                         -632.86 USD

2023-11-12 * "Metro Transport Authority" "Tram tickets"
  Liabilities:US:Chase:Slate                      -120.00 USD
  Expenses:Transport:Tram                          120.00 USD

2023-11-13 * "Rose Flower" "Eating out after work"
  Liabilities:US:Chase:Slate                       -21.36 USD
  Expenses:Food:Restaurant                          21.36 USD

2023-11-14 balance Liabilities:US:Chase:Slate     -778.60 USD

2023-11-14 * "Jewel of Morroco" "Eating out with Julie"
  Liabilities:US:Chase:Slate                       -29.13 USD
  Expenses:Food:Restaurant                          29.13 USD

2023-11-19 * "Uncle Boons" "Eating out alone"
  Liabilities:US:Chase:Slate                       -16.95 USD
  Expenses:Food:Restaurant                          16.95 USD

2023-11-21 * "Cafe Modagor" "Eating out with Natasha"
  Liabilities:US:Chase:Slate                       -50.56 USD
  Expenses:Food:Restaurant                          50.56 USD

2023-11-23 * "Corner Deli" "Buying groceries"
  Liabilities:US:Chase:Slate                       -83.13 USD
  Expenses:Food:Groceries                           83.13 USD

2023-11-26 * "Goba Goba" "Eating out with Bill"
  Liabilities:US:Chase:Slate                       -36.87 USD
  Expenses:Food:Restaurant                          36.87 USD

2023-11-29 * "Kin Soy" "Eating out with Julie"
  Liabilities:US:Chase:Slate                       -37.47 USD
  Expenses:Food:Restaurant                          37.47 USD

2023-12-01 * "Jewel of Morroco" "Eating out "
  Liabilities:US:Chase:Slate                       -21.12 USD
  Expenses:Food:Restaurant                          21.12 USD

2023-12-03 * "Cafe Modagor" "Eating out with Joe"
  Liabilities:US:Chase:Slate                       -18.74 USD
  Expenses:Food:Restaurant                          18.74 USD

2023-12-04 * "Goba Goba" "Eating out with Natasha"
  Liabilities:US:Chase:Slate                       -40.58 USD
  Expenses:Food:Restaurant                          40.58 USD

2023-12-04 * "Onion Market" "Buying groceries"
  Liabilities:US:Chase:Slate                       -67.31 USD
  Expenses:Food:Groceries                           67.31 USD

2023-12-07 balance Liabilities:US:Chase:Slate    -1180.46 USD

2023-12-08 * "Chase:Slate" "Paying off credit card"
  Liabilities:US:Chase:Slate                       574.06 USD
  Assets:US:BofA:Checking                         -574.06 USD

2023-12-09 * "Uncle Boons" "Eating out with Julie"
  Liabilities:US:Chase:Slate                       -30.84 USD
  Expenses:Food:Restaurant                          30.84 USD

2023-12-09 * "Metro Transport Authority" "Tram tickets"
  Liabilities:US:Chase:Slate                      -120.00 USD
  Expenses:Transport:Tram                          120.00 USD

2023-12-10 * "China Garden" "Eating out "
  Liabilities:US:Chase:Slate                       -28.63 USD
  Expenses:Food:Restaurant                          28.63 USD

2023-12-15 * "Rose Flower" "Eating out with Bill"
  Liabilities:US:Chase:Slate                       -20.78 USD
  Expenses:Food:Restaurant                          20.78 USD

2023-12-18 * "Uncle Boons" "Eating out "
  Liabilities:US:Chase:Slate                       -43.15 USD
  Expenses:Food:Restaurant                          43.15 USD

2023-12-20 * "Onion Market" "Buying groceries"
  Liabilities:US:Chase:Slate                       -48.73 USD
  Expenses:Food:Groceries                           48.73 USD

2023-12-23 * "Uncle Boons" "Eating out with Natasha"
  Liabilities:US:Chase:Slate                       -27.53 USD
  Expenses:Food:Restaurant                          27.53 USD

2023-12-28 * "Rose Flower" "Eating out with work buddies"
  Liabilities:US:Chase:Slate                       -28.73 USD
  Expenses:Food:Restaurant                          28.73 USD

2023-12-29 * "Kin Soy" "Eating out with Bill"
  Liabilities:US:Chase:Slate                       -29.62 USD
  Expenses:Food:Restaurant                          29.62 USD

2023-12-30 * "Goba Goba" "Eating out alone"
  Liabilities:US:Chase:Slate                       -25.99 USD
  Expenses:Food:Restaurant                          25.99 USD

2024-01-04 * "Rose Flower" "Eating out with work buddies"
  Liabilities:US:Chase:Slate                       -20.43 USD
  Expenses:Food:Restaurant                          20.43 USD

2024-01-05 * "China Garden" "Eating out "
  Liabilities:US:Chase:Slate                       -59.96 USD
  Expenses:Food:Restaurant                          59.96 USD

2024-01-06 balance Liabilities:US:Chase:Slate    -1090.79 USD

2024-01-06 * "Metro Transport Authority" "Tram tickets"
  Liabilities:US:Chase:Slate                      -120.00 USD
  Expenses:Transport:Tram                          120.00 USD

2024-01-07 * "Onion Market" "Buying groceries"
  Liabilities:US:Chase:Slate                       -80.01 USD
  Expenses:Food:Groceries                           80.01 USD

2024-01-07 * "Chase:Slate" "Paying off credit card"
  Liabilities:US:Chase:Slate                       653.56 USD
  Assets:US:BofA:Checking                         -653.56 USD

2024-01-08 * "China Garden" "Eating out with Joe"
  Liabilities:US:Chase:Slate                       -19.58 USD
  Expenses:Food:Restaurant                          19.58 USD

2024-01-11 * "Kin Soy" "Eating out with Joe"
  Liabilities:US:Chase:Slate                       -24.79 USD
  Expenses:Food:Restaurant                          24.79 USD

2024-01-13 * "China Garden" "Eating out with Natasha"
  Liabilities:US:Chase:Slate                       -25.83 USD
  Expenses:Food:Restaurant                          25.83 USD

2024-01-18 * "Uncle Boons" "Eating out with work buddies"
  Liabilities:US:Chase:Slate                       -57.45 USD
  Expenses:Food:Restaurant                          57.45 USD

2024-01-20 * "Good Moods Market" "Buying groceries"
  Liabilities:US:Chase:Slate                       -43.58 USD
  Expenses:Food:Groceries                           43.58 USD

2024-01-21 * "Jewel of Morroco" "Eating out after work"
  Liabilities:US:Chase:Slate                       -52.97 USD
  Expenses:Food:Restaurant                          52.97 USD

2024-01-23 * "Jewel of Morroco" "Eating out after work"
  Liabilities:US:Chase:Slate                       -38.68 USD
  Expenses:Food:Restaurant                          38.68 USD

2024-01-26 * "Jewel of Morroco" "Eating out with Joe"
  Liabilities:US:Chase:Slate                       -16.14 USD
  Expenses:Food:Restaurant                          16.14 USD

2024-01-29 * "Chichipotle" "Eating out with Bill"
  Liabilities:US:Chase:Slate                       -29.87 USD
  Expenses:Food:Restaurant                          29.87 USD

2024-01-30 * "Chichipotle" "Eating out alone"
  Liabilities:US:Chase:Slate                       -28.84 USD
  Expenses:Food:Restaurant                          28.84 USD

2024-01-31 balance Liabilities:US:Chase:Slate     -974.97 USD

2024-02-03 * "Chichipotle" "Eating out "
  Liabilities:US:Chase:Slate                       -45.23 USD
  Expenses:Food:Restaurant                          45.23 USD

2024-02-06 * "Metro Transport Authority" "Tram tickets"
  Liabilities:US:Chase:Slate                      -120.00 USD
  Expenses:Transport:Tram                          120.00 USD

2024-02-07 * "Chichipotle" "Eating out "
  Liabilities:US:Chase:Slate                       -32.68 USD
  Expenses:Food:Restaurant                          32.68 USD

2024-02-07 * "Corner Deli" "Buying groceries"
  Liabilities:US:Chase:Slate                       -90.44 USD
  Expenses:Food:Groceries                           90.44 USD

2024-02-09 * "Chase:Slate" "Paying off credit card"
  Liabilities:US:Chase:Slate                       650.45 USD
  Assets:US:BofA:Checking                         -650.45 USD

2024-02-12 * "China Garden" "Eating out with work buddies"
  Liabilities:US:Chase:Slate                       -24.37 USD
  Expenses:Food:Restaurant                          24.37 USD

2024-02-16 * "Kin Soy" "Eating out after work"
  Liabilities:US:Chase:Slate                       -89.32 USD
  Expenses:Food:Restaurant                          89.32 USD

2024-02-17 * "Farmer Fresh" "Buying groceries"
  Liabilities:US:Chase:Slate                       -79.87 USD
  Expenses:Food:Groceries                           79.87 USD

2024-02-19 * "China Garden" "Eating out with Natasha"
  Liabilities:US:Chase:Slate                       -29.68 USD
  Expenses:Food:Restaurant                          29.68 USD

2024-02-23 balance Liabilities:US:Chase:Slate     -836.11 USD

2024-02-23 * "Kin Soy" "Eating out with Natasha"
  Liabilities:US:Chase:Slate                       -58.00 USD
  Expenses:Food:Restaurant                          58.00 USD

2024-02-27 * "Kin Soy" "Eating out "
  Liabilities:US:Chase:Slate                       -22.62 USD
  Expenses:Food:Restaurant                          22.62 USD

2024-02-27 * "Onion Market" "Buying groceries"
  Liabilities:US:Chase:Slate                      -108.28 USD
  Expenses:Food:Groceries                          108.28 USD

2024-02-28 * "China Garden" "Eating out with Joe"
  Liabilities:US:Chase:Slate                       -33.18 USD
  Expenses:Food:Restaurant                          33.18 USD

2024-03-02 * "Rose Flower" "Eating out alone"
  Liabilities:US:Chase:Slate                       -22.80 USD
  Expenses:Food:Restaurant                          22.80 USD

2024-03-05 * "Jewel of Morroco" "Eating out after work"
  Liabilities:US:Chase:Slate                       -31.68 USD
  Expenses:Food:Restaurant                          31.68 USD

2024-03-08 * "Chichipotle" "Eating out with Joe"
  Liabilities:US:Chase:Slate                       -35.10 USD
  Expenses:Food:Restaurant                          35.10 USD

2024-03-08 * "Metro Transport Authority" "Tram tickets"
  Liabilities:US:Chase:Slate                      -120.00 USD
  Expenses:Transport:Tram                          120.00 USD

2024-03-11 * "Onion Market" "Buying groceries"
  Liabilities:US:Chase:Slate                       -75.60 USD
  Expenses:Food:Groceries                           75.60 USD

2024-03-11 * "Chase:Slate" "Paying off credit card"
  Liabilities:US:Chase:Slate                       706.13 USD
  Assets:US:BofA:Checking                         -706.13 USD

2024-03-13 * "Cafe Modagor" "Eating out after work"
  Liabilities:US:Chase:Slate                       -35.25 USD
  Expenses:Food:Restaurant                          35.25 USD

2024-03-16 * "Corner Deli" "Buying groceries"
  Liabilities:US:Chase:Slate                       -58.51 USD
  Expenses:Food:Groceries                           58.51 USD

2024-03-18 * "Rose Flower" "Eating out with Natasha"
  Liabilities:US:Chase:Slate                       -22.88 USD
  Expenses:Food:Restaurant                          22.88 USD

2024-03-19 * "Rose Flower" "Eating out after work"
  Liabilities:US:Chase:Slate                       -18.36 USD
  Expenses:Food:Restaurant                          18.36 USD

2024-03-20 balance Liabilities:US:Chase:Slate     -772.24 USD

2024-03-20 * "China Garden" "Eating out with work buddies"
  Liabilities:US:Chase:Slate                       -59.17 USD
  Expenses:Food:Restaurant                          59.17 USD

2024-03-21 * "Good Moods Market" "Buying groceries"
  Liabilities:US:Chase:Slate                       -59.95 USD
  Expenses:Food:Groceries                           59.95 USD

2024-03-24 * "Cafe Modagor" "Eating out "
  Liabilities:US:Chase:Slate                       -24.46 USD
  Expenses:Food:Restaurant                          24.46 USD

2024-03-28 * "Uncle Boons" "Eating out with Julie"
  Liabilities:US:Chase:Slate                       -31.71 USD
  Expenses:Food:Restaurant                          31.71 USD

2024-03-30 * "Cafe Modagor" "Eating out with Joe"
  Liabilities:US:Chase:Slate                       -31.20 USD
  Expenses:Food:Restaurant                          31.20 USD

2024-04-04 * "Uncle Boons" "Eating out with Joe"
  Liabilities:US:Chase:Slate                       -28.61 USD
  Expenses:Food:Restaurant                          28.61 USD

2024-04-04 * "Metro Transport Authority" "Tram tickets"
  Liabilities:US:Chase:Slate                      -120.00 USD
  Expenses:Transport:Tram                          120.00 USD

2024-04-09 * "Kin Soy" "Eating out after work"
  Liabilities:US:Chase:Slate                       -40.79 USD
  Expenses:Food:Restaurant                          40.79 USD

2024-04-10 * "Farmer Fresh" "Buying groceries"
  Liabilities:US:Chase:Slate                       -84.57 USD
  Expenses:Food:Groceries                           84.57 USD

2024-04-10 * "Chase:Slate" "Paying off credit card"
  Liabilities:US:Chase:Slate                       615.46 USD
  Assets:US:BofA:Checking                         -615.46 USD

2024-04-14 balance Liabilities:US:Chase:Slate     -637.24 USD

2024-04-14 * "Chichipotle" "Eating out with Natasha"
  Liabilities:US:Chase:Slate                       -32.22 USD
  Expenses:Food:Restaurant                          32.22 USD

2024-04-18 * "China Garden" "Eating out with work buddies"
  Liabilities:US:Chase:Slate                       -40.21 USD
  Expenses:Food:Restaurant                          40.21 USD

2024-04-19 * "Jewel of Morroco" "Eating out alone"
  Liabilities:US:Chase:Slate                       -25.60 USD
  Expenses:Food:Restaurant                          25.60 USD

2024-04-20 * "Rose Flower" "Eating out "
  Liabilities:US:Chase:Slate                       -25.61 USD
  Expenses:Food:Restaurant                          25.61 USD

2024-04-21 * "China Garden" "Eating out with Natasha"
  Liabilities:US:Chase:Slate                       -52.60 USD
  Expenses:Food:Restaurant                          52.60 USD

2024-04-23 * "Good Moods Market" "Buying groceries"
  Liabilities:US:Chase:Slate                      -123.50 USD
  Expenses:Food:Groceries                          123.50 USD

2024-04-26 * "China Garden" "Eating out with Julie"
  Liabilities:US:Chase:Slate                       -48.52 USD
  Expenses:Food:Restaurant                          48.52 USD

2024-04-30 * "Cafe Modagor" "Eating out alone"
  Liabilities:US:Chase:Slate                       -15.37 USD
  Expenses:Food:Restaurant                          15.37 USD

2024-04-30 * "Corner Deli" "Buying groceries"
  Liabilities:US:Chase:Slate                       -71.95 USD
  Expenses:Food:Groceries                           71.95 USD

2024-05-01 * "Metro Transport Authority" "Tram tickets"
  Liabilities:US:Chase:Slate                      -120.00 USD
  Expenses:Transport:Tram                          120.00 USD

2024-05-05 * "Rose Flower" "Eating out after work"
  Liabilities:US:Chase:Slate                       -21.50 USD
  Expenses:Food:Restaurant                          21.50 USD

2024-05-07 * "Cafe Modagor" "Eating out "
  Liabilities:US:Chase:Slate                       -47.17 USD
  Expenses:Food:Restaurant                          47.17 USD

2024-05-08 * "Chase:Slate" "Paying off credit card"
  Liabilities:US:Chase:Slate                       698.87 USD
  Assets:US:BofA:Checking                         -698.87 USD

2024-05-09 * "Good Moods Market" "Buying groceries"
  Liabilities:US:Chase:Slate                       -74.62 USD
  Expenses:Food:Groceries                           74.62 USD

2024-05-10 * "Goba Goba" "Eating out with Joe"
  Liabilities:US:Chase:Slate                       -23.51 USD
  Expenses:Food:Restaurant                          23.51 USD

2024-05-12 balance Liabilities:US:Chase:Slate     -660.75 USD

2024-05-14 * "Goba Goba" "Eating out with Joe"
  Liabilities:US:Chase:Slate                       -27.69 USD
  Expenses:Food:Restaurant                          27.69 USD

2024-05-15 * "Rose Flower" "Eating out with Julie"
  Liabilities:US:Chase:Slate                       -44.27 USD
  Expenses:Food:Restaurant                          44.27 USD

2024-05-18 * "Jewel of Morroco" "Eating out after work"
  Liabilities:US:Chase:Slate                       -11.41 USD
  Expenses:Food:Restaurant                          11.41 USD

2024-05-19 * "Corner Deli" "Buying groceries"
  Liabilities:US:Chase:Slate                       -60.31 USD
  Expenses:Food:Groceries                           60.31 USD

2024-05-20 * "China Garden" "Eating out alone"
  Liabilities:US:Chase:Slate                       -28.70 USD
  Expenses:Food:Restaurant                          28.70 USD

2024-05-21 * "Kin Soy" "Eating out with Bill"
  Liabilities:US:Chase:Slate                       -30.39 USD
  Expenses:Food:Restaurant                          30.39 USD

2024-05-23 * "Uncle Boons" "Eating out with work buddies"
  Liabilities:US:Chase:Slate                       -36.35 USD
  Expenses:Food:Restaurant                          36.35 USD

2024-05-25 * "China Garden" "Eating out with Joe"
  Liabilities:US:Chase:Slate                       -27.66 USD
  Expenses:Food:Restaurant                          27.66 USD

2024-05-25 * "Good Moods Market" "Buying groceries"
  Liabilities:US:Chase:Slate                      -112.31 USD
  Expenses:Food:Groceries                          112.31 USD

2024-05-30 * "China Garden" "Eating out with Julie"
  Liabilities:US:Chase:Slate                       -35.53 USD
  Expenses:Food:Restaurant                          35.53 USD

2024-05-31 * "Metro Transport Authority" "Tram tickets"
  Liabilities:US:Chase:Slate                      -120.00 USD
  Expenses:Transport:Tram                          120.00 USD

2024-06-01 * "Chichipotle" "Eating out after work"
  Liabilities:US:Chase:Slate                       -14.55 USD
  Expenses:Food:Restaurant                          14.55 USD

2024-06-05 * "Onion Market" "Buying groceries"
  Liabilities:US:Chase:Slate                       -52.01 USD
  Expenses:Food:Groceries                           52.01 USD

2024-06-06 balance Liabilities:US:Chase:Slate    -1261.93 USD

2024-06-06 * "Chichipotle" "Eating out with work buddies"
  Liabilities:US:Chase:Slate                       -32.33 USD
  Expenses:Food:Restaurant                          32.33 USD

2024-06-10 * "Rose Flower" "Eating out with work buddies"
  Liabilities:US:Chase:Slate                       -37.72 USD
  Expenses:Food:Restaurant                          37.72 USD

2024-06-11 * "Chase:Slate" "Paying off credit card"
  Liabilities:US:Chase:Slate                       718.27 USD
  Assets:US:BofA:Checking                         -718.27 USD

2024-06-12 * "Kin Soy" "Eating out with work buddies"
  Liabilities:US:Chase:Slate                       -23.53 USD
  Expenses:Food:Restaurant                          23.53 USD

2024-06-14 * "Goba Goba" "Eating out alone"
  Liabilities:US:Chase:Slate                       -18.64 USD
  Expenses:Food:Restaurant                          18.64 USD

2024-06-15 * "Goba Goba" "Eating out with Julie"
  Liabilities:US:Chase:Slate                       -20.17 USD
  Expenses:Food:Restaurant                          20.17 USD

2024-06-18 * "Onion Market" "Buying groceries"
  Liabilities:US:Chase:Slate                      -108.72 USD
  Expenses:Food:Groceries                          108.72 USD

2024-06-20 * "Kin Soy" "Eating out with Natasha"
  Liabilities:US:Chase:Slate                       -32.11 USD
  Expenses:Food:Restaurant                          32.11 USD

2024-06-23 * "China Garden" "Eating out after work"
  Liabilities:US:Chase:Slate                       -16.80 USD
  Expenses:Food:Restaurant                          16.80 USD

2024-06-26 * "Rose Flower" "Eating out after work"
  Liabilities:US:Chase:Slate                       -39.61 USD
  Expenses:Food:Restaurant                          39.61 USD

2024-06-27 * "Metro Transport Authority" "Tram tickets"
  Liabilities:US:Chase:Slate                      -120.00 USD
  Expenses:Transport:Tram                          120.00 USD

2024-06-29 * "Uncle Boons" "Eating out with Bill"
  Liabilities:US:Chase:Slate                       -42.22 USD
  Expenses:Food:Restaurant                          42.22 USD

2024-06-29 * "Corner Deli" "Buying groceries"
  Liabilities:US:Chase:Slate                       -86.87 USD
  Expenses:Food:Groceries                           86.87 USD

2024-07-01 * "Uncle Boons" "Eating out with Joe"
  Liabilities:US:Chase:Slate                       -34.94 USD
  Expenses:Food:Restaurant                          34.94 USD

2024-07-02 * "Goba Goba" "Eating out "
  Liabilities:US:Chase:Slate                       -33.86 USD
  Expenses:Food:Restaurant                          33.86 USD

2024-07-05 balance Liabilities:US:Chase:Slate    -1191.18 USD

2024-07-06 * "Cafe Modagor" "Eating out "
  Liabilities:US:Chase:Slate                        -9.92 USD
  Expenses:Food:Restaurant                           9.92 USD

2024-07-10 * "China Garden" "Eating out with Julie"
  Liabilities:US:Chase:Slate                       -17.65 USD
  Expenses:Food:Restaurant                          17.65 USD

2024-07-11 * "Chase:Slate" "Paying off credit card"
  Liabilities:US:Chase:Slate                       644.01 USD
  Assets:US:BofA:Checking                         -644.01 USD

2024-07-12 * "Farmer Fresh" "Buying groceries"
  Liabilities:US:Chase:Slate                       -62.50 USD
  Expenses:Food:Groceries                           62.50 USD

2024-07-15 * "Goba Goba" "Eating out after work"
  Liabilities:US:Chase:Slate                       -25.06 USD
  Expenses:Food:Restaurant                          25.06 USD

2024-07-18 * "Goba Goba" "Eating out with Joe"
  Liabilities:US:Chase:Slate                       -33.47 USD
  Expenses:Food:Restaurant                          33.47 USD

2024-07-20 * "Kin Soy" "Eating out with Bill"
  Liabilities:US:Chase:Slate                       -36.90 USD
  Expenses:Food:Restaurant                          36.90 USD

2024-07-21 * "Kin Soy" "Eating out with Joe"
  Liabilities:US:Chase:Slate                       -16.21 USD
  Expenses:Food:Restaurant                          16.21 USD

2024-07-22 * "China Garden" "Eating out "
  Liabilities:US:Chase:Slate                       -17.99 USD
  Expenses:Food:Restaurant                          17.99 USD

2024-07-23 * "Rose Flower" "Eating out alone"
  Liabilities:US:Chase:Slate                       -42.18 USD
  Expenses:Food:Restaurant                          42.18 USD

2024-07-26 * "Onion Market" "Buying groceries"
  Liabilities:US:Chase:Slate                       -71.65 USD
  Expenses:Food:Groceries                           71.65 USD

2024-07-28 balance Liabilities:US:Chase:Slate     -880.70 USD

2024-07-28 * "Goba Goba" "Eating out after work"
  Liabilities:US:Chase:Slate                       -48.60 USD
  Expenses:Food:Restaurant                          48.60 USD

2024-07-28 * "Metro Transport Authority" "Tram tickets"
  Liabilities:US:Chase:Slate                      -120.00 USD
  Expenses:Transport:Tram                          120.00 USD

2024-08-02 * "Chichipotle" "Eating out with work buddies"
  Liabilities:US:Chase:Slate                       -25.19 USD
  Expenses:Food:Restaurant                          25.19 USD

2024-08-05 * "Jewel of Morroco" "Eating out "
  Liabilities:US:Chase:Slate                       -30.44 USD
  Expenses:Food:Restaurant                          30.44 USD

2024-08-08 * "Chase:Slate" "Paying off credit card"
  Liabilities:US:Chase:Slate                       506.78 USD
  Assets:US:BofA:Checking                         -506.78 USD

2024-08-09 * "Chichipotle" "Eating out with work buddies"
  Liabilities:US:Chase:Slate                       -39.09 USD
  Expenses:Food:Restaurant                          39.09 USD

2024-08-12 * "China Garden" "Eating out "
  Liabilities:US:Chase:Slate                       -25.65 USD
  Expenses:Food:Restaurant                          25.65 USD

2024-08-15 * "Onion Market" "Buying groceries"
  Liabilities:US:Chase:Slate                       -96.58 USD
  Expenses:Food:Groceries                           96.58 USD

2024-08-16 * "Goba Goba" "Eating out after work"
  Liabilities:US:Chase:Slate                       -34.49 USD
  Expenses:Food:Restaurant                          34.49 USD

2024-08-18 * "China Garden" "Eating out alone"
  Liabilities:US:Chase:Slate                       -24.46 USD
  Expenses:Food:Restaurant                          24.46 USD

2024-08-20 * "Good Moods Market" "Buying groceries"
  Liabilities:US:Chase:Slate                       -61.34 USD
  Expenses:Food:Groceries                           61.34 USD

2024-08-21 balance Liabilities:US:Chase:Slate     -879.76 USD

2024-08-22 * "Cafe Modagor" "Eating out with work buddies"
  Liabilities:US:Chase:Slate                       -59.64 USD
  Expenses:Food:Restaurant                          59.64 USD

2024-08-24 * "Uncle Boons" "Eating out with Joe"
  Liabilities:US:Chase:Slate                       -36.85 USD
  Expenses:Food:Restaurant                          36.85 USD

2024-08-25 * "Metro Transport Authority" "Tram tickets"
  Liabilities:US:Chase:Slate                      -120.00 USD
  Expenses:Transport:Tram                          120.00 USD

2024-08-28 * "China Garden" "Eating out with Natasha"
  Liabilities:US:Chase:Slate                       -32.97 USD
  Expenses:Food:Restaurant                          32.97 USD

2024-08-30 * "China Garden" "Eating out with work buddies"
  Liabilities:US:Chase:Slate                       -27.80 USD
  Expenses:Food:Restaurant                          27.80 USD

2024-09-04 * "Goba Goba" "Eating out with Joe"
  Liabilities:US:Chase:Slate                       -22.50 USD
  Expenses:Food:Restaurant                          22.50 USD

2024-09-05 * "Jewel of Morroco" "Eating out after work"
  Liabilities:US:Chase:Slate                       -29.26 USD
  Expenses:Food:Restaurant                          29.26 USD

2024-09-06 * "Good Moods Market" "Buying groceries"
  Liabilities:US:Chase:Slate                       -71.37 USD
  Expenses:Food:Groceries                           71.37 USD

2024-09-10 * "Uncle Boons" "Eating out with work buddies"
  Liabilities:US:Chase:Slate                       -24.77 USD
  Expenses:Food:Restaurant                          24.77 USD

2024-09-10 * "Chase:Slate" "Paying off credit card"
  Liabilities:US:Chase:Slate                       667.68 USD
  Assets:US:BofA:Checking                         -667.68 USD

2024-09-15 * "China Garden" "Eating out with Bill"
  Liabilities:US:Chase:Slate                       -45.59 USD
  Expenses:Food:Restaurant                          45.59 USD

2024-09-16 * "Kin Soy" "Eating out "
  Liabilities:US:Chase:Slate                       -42.25 USD
  Expenses:Food:Restaurant                          42.25 USD

2024-09-16 * "Onion Market" "Buying groceries"
  Liabilities:US:Chase:Slate                       -72.95 USD
  Expenses:Food:Groceries                           72.95 USD

2024-09-17 balance Liabilities:US:Chase:Slate     -798.03 USD

2024-09-19 * "Cafe Modagor" "Eating out with Joe"
  Liabilities:US:Chase:Slate                       -23.76 USD
  Expenses:Food:Restaurant                          23.76 USD

2024-09-21 * "Kin Soy" "Eating out with Natasha"
  Liabilities:US:Chase:Slate                       -36.60 USD
  Expenses:Food:Restaurant                          36.60 USD

2024-09-22 * "Rose Flower" "Eating out after work"
  Liabilities:US:Chase:Slate                       -36.01 USD
  Expenses:Food:Restaurant                          36.01 USD

2024-09-23 * "Metro Transport Authority" "Tram tickets"
  Liabilities:US:Chase:Slate                      -120.00 USD
  Expenses:Transport:Tram                          120.00 USD

2024-09-24 * "Chichipotle" "Eating out alone"
  Liabilities:US:Chase:Slate                       -33.48 USD
  Expenses:Food:Restaurant                          33.48 USD

2024-09-26 * "Goba Goba" "Eating out "
  Liabilities:US:Chase:Slate                       -34.33 USD
  Expenses:Food:Restaurant                          34.33 USD

2024-09-29 * "Cafe Modagor" "Eating out alone"
  Liabilities:US:Chase:Slate                       -19.95 USD
  Expenses:Food:Restaurant                          19.95 USD

2024-09-30 * "Jewel of Morroco" "Eating out with Natasha"
  Liabilities:US:Chase:Slate                       -42.64 USD
  Expenses:Food:Restaurant                          42.64 USD

2024-10-02 event "location" "New York"

2024-10-03 * "Takahachi" "" #trip-new-york-2024
  Liabilities:US:Chase:Slate                       -51.85 USD
  Expenses:Food:Restaurant                          51.85 USD

2024-10-03 * "Laut" "" #trip-new-york-2024
  Liabilities:US:Chase:Slate                       -26.73 USD
  Expenses:Food:Restaurant                          26.73 USD

2024-10-04 * "Uncle Boons" "" #trip-new-york-2024
  Liabilities:US:Chase:Slate                       -35.70 USD
  Expenses:Food:Restaurant                          35.70 USD

2024-10-04 * "Gimme! Coffee" "" #trip-new-york-2024
  Liabilities:US:Chase:Slate                        -5.42 USD
  Expenses:Food:Coffee                               5.42 USD

2024-10-05 * "Uncle Boons" "" #trip-new-york-2024
  Liabilities:US:Chase:Slate                       -43.28 USD
  Expenses:Food:Restaurant                          43.28 USD

2024-10-05 * "Cafe Select" "" #trip-new-york-2024
  Liabilities:US:Chase:Slate                       -29.34 USD
  Expenses:Food:Restaurant                          29.34 USD

2024-10-05 * "Takahachi" "" #trip-new-york-2024
  Liabilities:US:Chase:Slate                       -40.79 USD
  Expenses:Food:Restaurant                          40.79 USD

2024-10-06 * "Cafe Select" "" #trip-new-york-2024
  Liabilities:US:Chase:Slate                       -24.72 USD
  Expenses:Food:Restaurant                          24.72 USD

2024-10-06 * "La Colombe" "" #trip-new-york-2024
  Liabilities:US:Chase:Slate                        -6.47 USD
  Expenses:Food:Coffee                               6.47 USD

2024-10-07 * "Laut" "" #trip-new-york-2024
  Liabilities:US:Chase:Slate                       -36.95 USD
  Expenses:Food:Restaurant                          36.95 USD

2024-10-08 * "Uncle Boons" "" #trip-new-york-2024
  Liabilities:US:Chase:Slate                       -39.76 USD
  Expenses:Food:Restaurant                          39.76 USD

2024-10-08 * "Cafe Select" "" #trip-new-york-2024
  Liabilities:US:Chase:Slate                       -29.79 USD
  Expenses:Food:Restaurant                          29.79 USD

2024-10-08 * "Laut" "" #trip-new-york-2024
  Liabilities:US:Chase:Slate                       -30.77 USD
  Expenses:Food:Restaurant                          30.77 USD

2024-10-08 * "La Colombe" "" #trip-new-york-2024
  Liabilities:US:Chase:Slate                        -4.57 USD
  Expenses:Food:Coffee                               4.57 USD

2024-10-08 * "Chase:Slate" "Paying off credit card"
  Liabilities:US:Chase:Slate                       543.41 USD
  Assets:US:BofA:Checking                         -543.41 USD

2024-10-09 * "Uncle Boons" "" #trip-new-york-2024
  Liabilities:US:Chase:Slate                       -39.97 USD
  Expenses:Food:Restaurant                          39.97 USD

2024-10-09 * "Cafe Select" "" #trip-new-york-2024
  Liabilities:US:Chase:Slate                       -24.09 USD
  Expenses:Food:Restaurant                          24.09 USD

2024-10-09 * "La Colombe" "" #trip-new-york-2024
  Liabilities:US:Chase:Slate                        -7.00 USD
  Expenses:Food:Coffee                               7.00 USD

2024-10-10 * "Cafe Select" "" #trip-new-york-2024
  Liabilities:US:Chase:Slate                       -31.02 USD
  Expenses:Food:Restaurant                          31.02 USD

2024-10-10 * "La Colombe" "" #trip-new-york-2024
  Liabilities:US:Chase:Slate                        -5.39 USD
  Expenses:Food:Coffee                               5.39 USD

2024-10-13 * "La Colombe" "" #trip-new-york-2024
  Liabilities:US:Chase:Slate                        -5.73 USD
  Expenses:Food:Coffee                               5.73 USD

2024-10-14 * "Cafe Select" "" #trip-new-york-2024
  Liabilities:US:Chase:Slate                       -29.68 USD
  Expenses:Food:Restaurant                          29.68 USD

2024-10-15 balance Liabilities:US:Chase:Slate    -1150.41 USD

2024-10-15 * "Cafe Select" "" #trip-new-york-2024
  Liabilities:US:Chase:Slate                       -34.24 USD
  Expenses:Food:Restaurant                          34.24 USD

2024-10-15 * "Takahachi" "" #trip-new-york-2024
  Liabilities:US:Chase:Slate                       -52.82 USD
  Expenses:Food:Restaurant                          52.82 USD

2024-10-15 * "La Colombe" "" #trip-new-york-2024
  Liabilities:US:Chase:Slate                        -7.21 USD
  Expenses:Food:Coffee                               7.21 USD

2024-10-16 * "Consume vacation days"
  Assets:US:Hooli:Vacation                           -112 VACHR
  Expenses:Vacation                                   112 VACHR

2024-10-16 event "location" "New Metropolis"

2024-10-19 * "Kin Soy" "Eating out with Joe"
  Liabilities:US:Chase:Slate                       -35.85 USD
  Expenses:Food:Restaurant                          35.85 USD

2024-10-19 * "Onion Market" "Buying groceries"
  Liabilities:US:Chase:Slate                       -90.53 USD
  Expenses:Food:Groceries                           90.53 USD

2024-10-21 * "Kin Soy" "Eating out with work buddies"
  Liabilities:US:Chase:Slate                       -47.55 USD
  Expenses:Food:Restaurant                          47.55 USD

2024-10-22 * "Jewel of Morroco" "Eating out with Bill"
  Liabilities:US:Chase:Slate                       -25.01 USD
  Expenses:Food:Restaurant                          25.01 USD

2024-10-25 * "Metro Transport Authority" "Tram tickets"
  Liabilities:US:Chase:Slate                      -120.00 USD
  Expenses:Transport:Tram                          120.00 USD

2024-10-26 * "Uncle Boons" "Eating out with Julie"
  Liabilities:US:Chase:Slate                       -27.07 USD
  Expenses:Food:Restaurant                          27.07 USD

2024-10-30 * "Corner Deli" "Buying groceries"
  Liabilities:US:Chase:Slate                       -93.00 USD
  Expenses:Food:Groceries                           93.00 USD

2024-10-31 * "Chichipotle" "Eating out with work buddies"
  Liabilities:US:Chase:Slate                       -37.50 USD
  Expenses:Food:Restaurant                          37.50 USD

2024-11-03 * "Uncle Boons" "Eating out with Bill"
  Liabilities:US:Chase:Slate                       -40.02 USD
  Expenses:Food:Restaurant                          40.02 USD

2024-11-04 balance Liabilities:US:Chase:Slate    -1761.21 USD

2024-11-05 * "Rose Flower" "Eating out with Bill"
  Liabilities:US:Chase:Slate                       -18.44 USD
  Expenses:Food:Restaurant                          18.44 USD

2024-11-06 * "Kin Soy" "Eating out after work"
  Liabilities:US:Chase:Slate                       -35.84 USD
  Expenses:Food:Restaurant                          35.84 USD

2024-11-08 * "Jewel of Morroco" "Eating out with work buddies"
  Liabilities:US:Chase:Slate                       -32.75 USD
  Expenses:Food:Restaurant                          32.75 USD

2024-11-09 * "Rose Flower" "Eating out "
  Liabilities:US:Chase:Slate                       -42.32 USD
  Expenses:Food:Restaurant                          42.32 USD

2024-11-09 * "Chase:Slate" "Paying off credit card"
  Liabilities:US:Chase:Slate                       610.03 USD
  Assets:US:BofA:Checking                         -610.03 USD

2024-11-11 * "Good Moods Market" "Buying groceries"
  Liabilities:US:Chase:Slate                       -98.37 USD
  Expenses:Food:Groceries                           98.37 USD

2024-11-12 * "Rose Flower" "Eating out alone"
  Liabilities:US:Chase:Slate                       -28.47 USD
  Expenses:Food:Restaurant                          28.47 USD

2024-11-16 * "Jewel of Morroco" "Eating out with Bill"
  Liabilities:US:Chase:Slate                       -37.48 USD
  Expenses:Food:Restaurant                          37.48 USD

2024-11-19 * "Goba Goba" "Eating out after work"
  Liabilities:US:Chase:Slate                       -21.05 USD
  Expenses:Food:Restaurant                          21.05 USD

2024-11-21 * "Rose Flower" "Eating out with Joe"
  Liabilities:US:Chase:Slate                       -29.22 USD
  Expenses:Food:Restaurant                          29.22 USD

2024-11-23 * "Metro Transport Authority" "Tram tickets"
  Liabilities:US:Chase:Slate                      -120.00 USD
  Expenses:Transport:Tram                          120.00 USD

2024-11-24 * "Jewel of Morroco" "Eating out after work"
  Liabilities:US:Chase:Slate                       -45.84 USD
  Expenses:Food:Restaurant                          45.84 USD

2024-11-26 * "Goba Goba" "Eating out with Natasha"
  Liabilities:US:Chase:Slate                       -56.40 USD
  Expenses:Food:Restaurant                          56.40 USD

2024-11-27 * "Corner Deli" "Buying groceries"
  Liabilities:US:Chase:Slate                      -120.28 USD
  Expenses:Food:Groceries                          120.28 USD

2024-11-28 * "Jewel of Morroco" "Eating out after work"
  Liabilities:US:Chase:Slate                       -19.28 USD
  Expenses:Food:Restaurant                          19.28 USD

2024-12-02 balance Liabilities:US:Chase:Slate    -1856.92 USD

2024-12-03 * "Rose Flower" "Eating out alone"
  Liabilities:US:Chase:Slate                       -39.12 USD
  Expenses:Food:Restaurant                          39.12 USD

2024-12-05 * "Uncle Boons" "Eating out "
  Liabilities:US:Chase:Slate                       -15.20 USD
  Expenses:Food:Restaurant                          15.20 USD

2024-12-09 * "Uncle Boons" "Eating out alone"
  Liabilities:US:Chase:Slate                       -21.45 USD
  Expenses:Food:Restaurant                          21.45 USD

2024-12-09 * "Chase:Slate" "Paying off credit card"
  Liabilities:US:Chase:Slate                       652.16 USD
  Assets:US:BofA:Checking                         -652.16 USD

2024-12-11 * "Jewel of Morroco" "Eating out with Natasha"
  Liabilities:US:Chase:Slate                       -25.66 USD
  Expenses:Food:Restaurant                          25.66 USD

2024-12-11 * "Good Moods Market" "Buying groceries"
  Liabilities:US:Chase:Slate                      -175.31 USD
  Expenses:Food:Groceries                          175.31 USD

2024-12-14 * "Cafe Modagor" "Eating out with Joe"
  Liabilities:US:Chase:Slate                       -34.17 USD
  Expenses:Food:Restaurant                          34.17 USD

2024-12-16 * "Kin Soy" "Eating out with Julie"
  Liabilities:US:Chase:Slate                       -51.37 USD
  Expenses:Food:Restaurant                          51.37 USD

2024-12-17 * "Corner Deli" "Buying groceries"
  Liabilities:US:Chase:Slate                       -74.46 USD
  Expenses:Food:Groceries                           74.46 USD

2024-12-20 * "Rose Flower" "Eating out after work"
  Liabilities:US:Chase:Slate                       -42.08 USD
  Expenses:Food:Restaurant                          42.08 USD

2024-12-22 * "Goba Goba" "Eating out with work buddies"
  Liabilities:US:Chase:Slate                       -20.04 USD
  Expenses:Food:Restaurant                          20.04 USD

2024-12-22 * "Farmer Fresh" "Buying groceries"
  Liabilities:US:Chase:Slate                      -112.32 USD
  Expenses:Food:Groceries                          112.32 USD

2024-12-23 * "Metro Transport Authority" "Tram tickets"
  Liabilities:US:Chase:Slate                      -120.00 USD
  Expenses:Transport:Tram                          120.00 USD

2024-12-27 * "Rose Flower" "Eating out "
  Liabilities:US:Chase:Slate                       -21.39 USD
  Expenses:Food:Restaurant                          21.39 USD

2024-12-29 * "Cafe Modagor" "Eating out after work"
  Liabilities:US:Chase:Slate                       -29.48 USD
  Expenses:Food:Restaurant                          29.48 USD

2024-12-31 * "Chichipotle" "Eating out with Joe"
  Liabilities:US:Chase:Slate                       -20.61 USD
  Expenses:Food:Restaurant                          20.61 USD

2025-01-01 balance Liabilities:US:Chase:Slate    -2007.42 USD

2025-01-02 * "Onion Market" "Buying groceries"
  Liabilities:US:Chase:Slate                       -57.84 USD
  Expenses:Food:Groceries                           57.84 USD

2025-01-05 * "Kin Soy" "Eating out alone"
  Liabilities:US:Chase:Slate                       -31.59 USD
  Expenses:Food:Restaurant                          31.59 USD

2025-01-08 * "Goba Goba" "Eating out "
  Liabilities:US:Chase:Slate                       -23.83 USD
  Expenses:Food:Restaurant                          23.83 USD

2025-01-09 * "Chase:Slate" "Paying off credit card"
  Liabilities:US:Chase:Slate                       856.94 USD
  Assets:US:BofA:Checking                         -856.94 USD

2025-01-11 * "Uncle Boons" "Eating out after work"
  Liabilities:US:Chase:Slate                       -16.79 USD
  Expenses:Food:Restaurant                          16.79 USD

2025-01-13 * "Cafe Modagor" "Eating out with Julie"
  Liabilities:US:Chase:Slate                       -22.90 USD
  Expenses:Food:Restaurant                          22.90 USD

2025-01-16 * "Cafe Modagor" "Eating out alone"
  Liabilities:US:Chase:Slate                       -23.88 USD
  Expenses:Food:Restaurant                          23.88 USD

2025-01-18 * "Good Moods Market" "Buying groceries"
  Liabilities:US:Chase:Slate                       -93.89 USD
  Expenses:Food:Groceries                           93.89 USD

2025-01-19 * "Chichipotle" "Eating out after work"
  Liabilities:US:Chase:Slate                       -25.46 USD
  Expenses:Food:Restaurant                          25.46 USD

2025-01-21 * "Chichipotle" "Eating out with Joe"
  Liabilities:US:Chase:Slate                       -37.70 USD
  Expenses:Food:Restaurant                          37.70 USD

2025-01-21 * "Metro Transport Authority" "Tram tickets"
  Liabilities:US:Chase:Slate                      -120.00 USD
  Expenses:Transport:Tram                          120.00 USD

2025-01-22 * "China Garden" "Eating out with Natasha"
  Liabilities:US:Chase:Slate                       -25.43 USD
  Expenses:Food:Restaurant                          25.43 USD

2025-01-26 * "Goba Goba" "Eating out after work"
  Liabilities:US:Chase:Slate                       -49.07 USD
  Expenses:Food:Restaurant                          49.07 USD

2025-01-27 * "Jewel of Morroco" "Eating out alone"
  Liabilities:US:Chase:Slate                       -52.23 USD
  Expenses:Food:Restaurant                          52.23 USD

2025-01-28 balance Liabilities:US:Chase:Slate    -1731.09 USD

2025-01-31 * "Onion Market" "Buying groceries"
  Liabilities:US:Chase:Slate                       -50.85 USD
  Expenses:Food:Groceries                           50.85 USD

2025-02-01 * "Uncle Boons" "Eating out with Julie"
  Liabilities:US:Chase:Slate                       -40.11 USD
  Expenses:Food:Restaurant                          40.11 USD

2025-02-03 * "Uncle Boons" "Eating out with work buddies"
  Liabilities:US:Chase:Slate                       -32.58 USD
  Expenses:Food:Restaurant                          32.58 USD

2025-02-04 * "Rose Flower" "Eating out with work buddies"
  Liabilities:US:Chase:Slate                       -20.74 USD
  Expenses:Food:Restaurant                          20.74 USD

2025-02-07 * "Cafe Modagor" "Eating out with Bill"
  Liabilities:US:Chase:Slate                       -11.90 USD
  Expenses:Food:Restaurant                          11.90 USD

2025-02-07 * "Chase:Slate" "Paying off credit card"
  Liabilities:US:Chase:Slate                       606.74 USD
  Assets:US:BofA:Checking                         -606.74 USD

2025-02-10 * "Cafe Modagor" "Eating out with Natasha"
  Liabilities:US:Chase:Slate                       -23.00 USD
  Expenses:Food:Restaurant                          23.00 USD

2025-02-15 * "Kin Soy" "Eating out with work buddies"
  Liabilities:US:Chase:Slate                       -31.75 USD
  Expenses:Food:Restaurant                          31.75 USD

2025-02-17 * "Jewel of Morroco" "Eating out with Joe"
  Liabilities:US:Chase:Slate                       -42.56 USD
  Expenses:Food:Restaurant                          42.56 USD

2025-02-17 * "Corner Deli" "Buying groceries"
  Liabilities:US:Chase:Slate                       -77.98 USD
  Expenses:Food:Groceries                           77.98 USD

2025-02-19 balance Liabilities:US:Chase:Slate    -1455.82 USD

2025-02-20 * "Metro Transport Authority" "Tram tickets"
  Liabilities:US:Chase:Slate                      -120.00 USD
  Expenses:Transport:Tram                          120.00 USD

2025-02-22 * "Jewel of Morroco" "Eating out after work"
  Liabilities:US:Chase:Slate                       -35.14 USD
  Expenses:Food:Restaurant                          35.14 USD

2025-02-25 * "Goba Goba" "Eating out with Bill"
  Liabilities:US:Chase:Slate                       -33.88 USD
  Expenses:Food:Restaurant                          33.88 USD

2025-03-01 * "China Garden" "Eating out with work buddies"
  Liabilities:US:Chase:Slate                       -32.46 USD
  Expenses:Food:Restaurant                          32.46 USD

2025-03-04 * "Goba Goba" "Eating out with Joe"
  Liabilities:US:Chase:Slate                       -33.14 USD
  Expenses:Food:Restaurant                          33.14 USD

2025-03-05 * "Jewel of Morroco" "Eating out with Julie"
  Liabilities:US:Chase:Slate                       -18.97 USD
  Expenses:Food:Restaurant                          18.97 USD

2025-03-05 * "Onion Market" "Buying groceries"
  Liabilities:US:Chase:Slate                       -99.03 USD
  Expenses:Food:Groceries                           99.03 USD

2025-03-07 * "China Garden" "Eating out with Natasha"
  Liabilities:US:Chase:Slate                       -19.60 USD
  Expenses:Food:Restaurant                          19.60 USD

2025-03-09 * "Cafe Modagor" "Eating out with Julie"
  Liabilities:US:Chase:Slate                       -17.84 USD
  Expenses:Food:Restaurant                          17.84 USD

2025-03-11 * "China Garden" "Eating out "
  Liabilities:US:Chase:Slate                       -52.98 USD
  Expenses:Food:Restaurant                          52.98 USD

2025-03-15 * "Kin Soy" "Eating out with Joe"
  Liabilities:US:Chase:Slate                       -33.91 USD
  Expenses:Food:Restaurant                          33.91 USD

2025-03-17 balance Liabilities:US:Chase:Slate    -1952.77 USD

2025-03-20 * "Uncle Boons" "Eating out after work"
  Liabilities:US:Chase:Slate                       -18.40 USD
  Expenses:Food:Restaurant                          18.40 USD

2025-03-21 * "Uncle Boons" "Eating out after work"
  Liabilities:US:Chase:Slate                       -25.07 USD
  Expenses:Food:Restaurant                          25.07 USD

2025-03-21 * "Metro Transport Authority" "Tram tickets"
  Liabilities:US:Chase:Slate                      -120.00 USD
  Expenses:Transport:Tram                          120.00 USD

2025-03-24 * "Farmer Fresh" "Buying groceries"
  Liabilities:US:Chase:Slate                       -64.35 USD
  Expenses:Food:Groceries                           64.35 USD

2025-03-25 * "Kin Soy" "Eating out with Joe"
  Liabilities:US:Chase:Slate                       -44.45 USD
  Expenses:Food:Restaurant                          44.45 USD

2025-03-26 * "Uncle Boons" "Eating out with Bill"
  Liabilities:US:Chase:Slate                       -48.22 USD
  Expenses:Food:Restaurant                          48.22 USD



* Taxable Investments

2023-01-01 open Assets:US:ETrade:Cash                       USD
2023-01-01 open Assets:US:ETrade:ITOT                       ITOT
2023-01-01 open Assets:US:ETrade:VEA                       VEA
2023-01-01 open Assets:US:ETrade:VHT                       VHT
2023-01-01 open Assets:US:ETrade:GLD                       GLD
2023-01-01 open Income:US:ETrade:PnL                        USD
2023-01-01 open Income:US:ETrade:ITOT:Dividend              USD
2023-01-01 open Income:US:ETrade:VEA:Dividend              USD
2023-01-01 open Income:US:ETrade:VHT:Dividend              USD
2023-01-01 open Income:US:ETrade:GLD:Dividend              USD

2023-09-18 * "Dividends on portfolio"
  Assets:US:ETrade:Cash                              0.00 USD
  Income:US:ETrade:VHT:Dividend                      0.00 USD

2023-09-20 * "Buy shares of ITOT"
  Assets:US:ETrade:Cash                           -897.11 USD
  Assets:US:ETrade:ITOT                                 4 ITOT {222.04 USD, 2023-09-20}
  Expenses:Financial:Commissions                     8.95 USD

2023-09-20 * "Buy shares of VEA"
  Assets:US:ETrade:Cash                          -1028.65 USD
  Assets:US:ETrade:VEA                                  6 VEA {169.95 USD, 2023-09-20}
  Expenses:Financial:Commissions                     8.95 USD

2023-09-20 * "Buy shares of VHT"
  Assets:US:ETrade:Cash                          -1024.23 USD
  Assets:US:ETrade:VHT                                  7 VHT {145.04 USD, 2023-09-20}
  Expenses:Financial:Commissions                     8.95 USD

2023-09-20 * "Buy shares of GLD"
  Assets:US:ETrade:Cash                          -1004.79 USD
  Assets:US:ETrade:GLD                                  8 GLD {124.48 USD, 2023-09-20}
  Expenses:Financial:Commissions                     8.95 USD

2023-10-10 * "Sell shares of VHT"
  Assets:US:ETrade:VHT                                 -7 VHT {145.04 USD, 2023-09-20} @ 145.71 USD
  Assets:US:ETrade:Cash                           1011.02 USD
  Expenses:Financial:Commissions                     8.95 USD
  Income:US:ETrade:PnL                              -4.69 USD

2023-10-16 * "Sell shares of GLD"
  Assets:US:ETrade:GLD                                 -8 GLD {124.48 USD, 2023-09-20} @ 124.99 USD
  Assets:US:ETrade:Cash                            990.97 USD
  Expenses:Financial:Commissions                     8.95 USD
  Income:US:ETrade:PnL                              -4.08 USD

2023-10-25 * "Buy shares of GLD"
  Assets:US:ETrade:Cash                           -524.59 USD
  Assets:US:ETrade:GLD                                  4 GLD {128.91 USD, 2023-10-25}
  Expenses:Financial:Commissions                     8.95 USD

2023-10-25 * "Buy shares of ITOT"
  Assets:US:ETrade:Cash                           -444.35 USD
  Assets:US:ETrade:ITOT                                 2 ITOT {217.70 USD, 2023-10-25}
  Expenses:Financial:Commissions                     8.95 USD

2023-10-25 * "Buy shares of VHT"
  Assets:US:ETrade:Cash                           -590.99 USD
  Assets:US:ETrade:VHT                                  4 VHT {145.51 USD, 2023-10-25}
  Expenses:Financial:Commissions                     8.95 USD

2023-10-25 * "Buy shares of VEA"
  Assets:US:ETrade:Cash                           -512.98 USD
  Assets:US:ETrade:VEA                                  3 VEA {168.01 USD, 2023-10-25}
  Expenses:Financial:Commissions                     8.95 USD

2023-11-17 * "Sell shares of ITOT"
  Assets:US:ETrade:ITOT                                -4 ITOT {222.04 USD, 2023-09-20} @ 228.15 USD
  Assets:US:ETrade:Cash                            903.65 USD
  Expenses:Financial:Commissions                     8.95 USD
  Income:US:ETrade:PnL                             -24.44 USD

2023-12-17 * "Dividends on portfolio"
  Assets:US:ETrade:Cash                             23.82 USD
  Income:US:ETrade:VEA:Dividend                    -23.82 USD

2023-12-22 * "Buy shares of ITOT"
  Assets:US:ETrade:Cash                          -2759.23 USD
  Assets:US:ETrade:ITOT                                12 ITOT {229.19 USD, 2023-12-22}
  Expenses:Financial:Commissions                     8.95 USD

2023-12-22 * "Buy shares of GLD"
  Assets:US:ETrade:Cash                          -2829.25 USD
  Assets:US:ETrade:GLD                                 21 GLD {134.30 USD, 2023-12-22}
  Expenses:Financial:Commissions                     8.95 USD

2024-02-21 * "Sell shares of ITOT"
  Assets:US:ETrade:ITOT                               -12 ITOT {229.19 USD, 2023-12-22} @ 238.79 USD
  Assets:US:ETrade:Cash                           2856.53 USD
  Expenses:Financial:Commissions                     8.95 USD
  Income:US:ETrade:PnL                            -115.20 USD

2024-03-17 * "Dividends on portfolio"
  Assets:US:ETrade:Cash                             46.11 USD
  Income:US:ETrade:ITOT:Dividend                   -46.11 USD

2024-03-21 * "Buy shares of ITOT"
  Assets:US:ETrade:Cash                           -691.96 USD
  Assets:US:ETrade:ITOT                                 3 ITOT {227.67 USD, 2024-03-21}
  Expenses:Financial:Commissions                     8.95 USD

2024-03-21 * "Buy shares of VHT"
  Assets:US:ETrade:Cash                           -583.51 USD
  Assets:US:ETrade:VHT                                  4 VHT {143.64 USD, 2024-03-21}
  Expenses:Financial:Commissions                     8.95 USD

2024-03-21 * "Buy shares of VEA"
  Assets:US:ETrade:Cash                           -570.94 USD
  Assets:US:ETrade:VEA                                  3 VEA {187.33 USD, 2024-03-21}
  Expenses:Financial:Commissions                     8.95 USD

2024-03-21 * "Buy shares of GLD"
  Assets:US:ETrade:Cash                           -639.20 USD
  Assets:US:ETrade:GLD                                  5 GLD {126.05 USD, 2024-03-21}
  Expenses:Financial:Commissions                     8.95 USD

2024-06-17 * "Dividends on portfolio"
  Assets:US:ETrade:Cash                             55.91 USD
  Income:US:ETrade:VEA:Dividend                    -55.91 USD

2024-09-16 * "Sell shares of VEA"
  Assets:US:ETrade:VEA                                 -6 VEA {169.95 USD, 2023-09-20} @ 208.53 USD
  Assets:US:ETrade:Cash                           1242.23 USD
  Expenses:Financial:Commissions                     8.95 USD
  Income:US:ETrade:PnL                            -231.48 USD

2024-09-17 * "Dividends on portfolio"
  Assets:US:ETrade:Cash                             55.91 USD
  Income:US:ETrade:ITOT:Dividend                   -55.91 USD

2024-09-20 * "Sell shares of GLD"
  Assets:US:ETrade:GLD                                -21 GLD {134.30 USD, 2023-12-22} @ 127.56 USD
  Assets:US:ETrade:Cash                           2669.81 USD
  Expenses:Financial:Commissions                     8.95 USD
  Income:US:ETrade:PnL                             141.54 USD

2024-10-23 * "Buy shares of GLD"
  Assets:US:ETrade:Cash                          -2074.23 USD
  Assets:US:ETrade:GLD                                 16 GLD {129.08 USD, 2024-10-23}
  Expenses:Financial:Commissions                     8.95 USD

2024-10-23 * "Buy shares of VEA"
  Assets:US:ETrade:Cash                          -1940.71 USD
  Assets:US:ETrade:VEA                                  9 VEA {214.64 USD, 2024-10-23}
  Expenses:Financial:Commissions                     8.95 USD

2024-10-23 * "Buy shares of ITOT"
  Assets:US:ETrade:Cash                          -1915.96 USD
  Assets:US:ETrade:ITOT                                 7 ITOT {272.43 USD, 2024-10-23}
  Expenses:Financial:Commissions                     8.95 USD

2024-10-23 * "Buy shares of VHT"
  Assets:US:ETrade:Cash                          -1979.03 USD
  Assets:US:ETrade:VHT                                 14 VHT {140.72 USD, 2024-10-23}
  Expenses:Financial:Commissions                     8.95 USD

2024-11-08 * "Buy shares of VEA"
  Assets:US:ETrade:Cash                          -2373.07 USD
  Assets:US:ETrade:VEA                                 11 VEA {214.92 USD, 2024-11-08}
  Expenses:Financial:Commissions                     8.95 USD

2024-11-08 * "Buy shares of VHT"
  Assets:US:ETrade:Cash                          -2411.39 USD
  Assets:US:ETrade:VHT                                 17 VHT {141.32 USD, 2024-11-08}
  Expenses:Financial:Commissions                     8.95 USD

2024-11-28 * "Sell shares of ITOT"
  Assets:US:ETrade:ITOT                                -3 ITOT {227.67 USD, 2024-03-21} @ 293.11 USD
  Assets:US:ETrade:Cash                            870.38 USD
  Expenses:Financial:Commissions                     8.95 USD
  Income:US:ETrade:PnL                            -196.32 USD

2024-12-01 * "Buy shares of ITOT"
  Assets:US:ETrade:Cash                          -1205.91 USD
  Assets:US:ETrade:ITOT                                 4 ITOT {299.24 USD, 2024-12-01}
  Expenses:Financial:Commissions                     8.95 USD

2024-12-06 * "Sell shares of VEA"
  Assets:US:ETrade:VEA                                 -3 VEA {168.01 USD, 2023-10-25} @ 218.80 USD
  Assets:US:ETrade:Cash                            647.45 USD
  Expenses:Financial:Commissions                     8.95 USD
  Income:US:ETrade:PnL                            -152.37 USD

2024-12-17 * "Dividends on portfolio"
  Assets:US:ETrade:Cash                            111.26 USD
  Income:US:ETrade:VHT:Dividend                   -111.26 USD

2025-01-22 * "Sell shares of ITOT"
  Assets:US:ETrade:ITOT                                -7 ITOT {272.43 USD, 2024-10-23} @ 299.90 USD
  Assets:US:ETrade:Cash                           2090.35 USD
  Expenses:Financial:Commissions                     8.95 USD
  Income:US:ETrade:PnL                            -192.29 USD

2025-03-03 * "Sell shares of ITOT"
  Assets:US:ETrade:ITOT                                -2 ITOT {217.70 USD, 2023-10-25} @ 290.15 USD
  Assets:US:ETrade:Cash                            571.35 USD
  Expenses:Financial:Commissions                     8.95 USD
  Income:US:ETrade:PnL                            -144.90 USD

2025-03-09 * "Buy shares of ITOT"
  Assets:US:ETrade:Cash                          -6723.80 USD
  Assets:US:ETrade:ITOT                                23 ITOT {291.95 USD, 2025-03-09}
  Expenses:Financial:Commissions                     8.95 USD

2025-03-18 * "Dividends on portfolio"
  Assets:US:ETrade:Cash                            138.12 USD
  Income:US:ETrade:GLD:Dividend                   -138.12 USD



* Vanguard Investments

2023-01-01 open Assets:US:Vanguard:VBMPX                     VBMPX
  number: "882882"
2023-01-01 open Assets:US:Vanguard:RGAGX                     RGAGX
  number: "882882"
2023-01-01 open Assets:US:Vanguard                            USD
  institution: "Vanguard Group"
  address: "P.O. Box 1110, Valley Forge, PA 19482-1110"
  phone: "+1.800.523.1188"
2023-01-01 open Income:US:Hooli:Match401k                   USD
2023-01-01 open Assets:US:Vanguard:Cash                       USD
  number: "882882"

2023-01-06 * "Employer match for contribution"
  Assets:US:Vanguard:Cash                          600.00 USD
  Income:US:Hooli:Match401k                       -600.00 USD

2023-01-09 * "Investing 40% of cash in VBMPX"
  Assets:US:Vanguard:VBMPX                          3.770 VBMPX {127.32 USD, 2023-01-09}
  Assets:US:Vanguard:Cash                         -480.00 USD

2023-01-09 * "Investing 60% of cash in RGAGX"
  Assets:US:Vanguard:RGAGX                          7.833 RGAGX {91.92 USD, 2023-01-09}
  Assets:US:Vanguard:Cash                         -720.01 USD

2023-01-09 * "Investing 40% of cash in VBMPX"
  Assets:US:Vanguard:VBMPX                          1.885 VBMPX {127.32 USD, 2023-01-09}
  Assets:US:Vanguard:Cash                         -240.00 USD

2023-01-09 * "Investing 60% of cash in RGAGX"
  Assets:US:Vanguard:RGAGX                          3.916 RGAGX {91.92 USD, 2023-01-09}
  Assets:US:Vanguard:Cash                         -359.96 USD

2023-01-20 * "Employer match for contribution"
  Assets:US:Vanguard:Cash                          600.00 USD
  Income:US:Hooli:Match401k                       -600.00 USD

2023-01-23 * "Investing 40% of cash in VBMPX"
  Assets:US:Vanguard:VBMPX                          3.639 VBMPX {131.92 USD, 2023-01-23}
  Assets:US:Vanguard:Cash                         -480.06 USD

2023-01-23 * "Investing 60% of cash in RGAGX"
  Assets:US:Vanguard:RGAGX                          7.840 RGAGX {91.84 USD, 2023-01-23}
  Assets:US:Vanguard:Cash                         -720.03 USD

2023-01-23 * "Investing 40% of cash in VBMPX"
  Assets:US:Vanguard:VBMPX                          1.819 VBMPX {131.92 USD, 2023-01-23}
  Assets:US:Vanguard:Cash                         -239.96 USD

2023-01-23 * "Investing 60% of cash in RGAGX"
  Assets:US:Vanguard:RGAGX                          3.919 RGAGX {91.84 USD, 2023-01-23}
  Assets:US:Vanguard:Cash                         -359.92 USD

2023-02-03 * "Employer match for contribution"
  Assets:US:Vanguard:Cash                          600.00 USD
  Income:US:Hooli:Match401k                       -600.00 USD

2023-02-06 * "Investing 40% of cash in VBMPX"
  Assets:US:Vanguard:VBMPX                          3.685 VBMPX {130.26 USD, 2023-02-06}
  Assets:US:Vanguard:Cash                         -480.01 USD

2023-02-06 * "Investing 60% of cash in RGAGX"
  Assets:US:Vanguard:RGAGX                          7.862 RGAGX {91.59 USD, 2023-02-06}
  Assets:US:Vanguard:Cash                         -720.08 USD

2023-02-06 * "Investing 40% of cash in VBMPX"
  Assets:US:Vanguard:VBMPX                          1.842 VBMPX {130.26 USD, 2023-02-06}
  Assets:US:Vanguard:Cash                         -239.94 USD

2023-02-06 * "Investing 60% of cash in RGAGX"
  Assets:US:Vanguard:RGAGX                          3.930 RGAGX {91.59 USD, 2023-02-06}
  Assets:US:Vanguard:Cash                         -359.95 USD

2023-02-17 * "Employer match for contribution"
  Assets:US:Vanguard:Cash                          600.00 USD
  Income:US:Hooli:Match401k                       -600.00 USD

2023-02-20 * "Investing 40% of cash in VBMPX"
  Assets:US:Vanguard:VBMPX                          3.682 VBMPX {130.38 USD, 2023-02-20}
  Assets:US:Vanguard:Cash                         -480.06 USD

2023-02-20 * "Investing 60% of cash in RGAGX"
  Assets:US:Vanguard:RGAGX                          7.792 RGAGX {92.41 USD, 2023-02-20}
  Assets:US:Vanguard:Cash                         -720.06 USD

2023-02-20 * "Investing 40% of cash in VBMPX"
  Assets:US:Vanguard:VBMPX                          1.841 VBMPX {130.38 USD, 2023-02-20}
  Assets:US:Vanguard:Cash                         -240.03 USD

2023-02-20 * "Investing 60% of cash in RGAGX"
  Assets:US:Vanguard:RGAGX                          3.895 RGAGX {92.41 USD, 2023-02-20}
  Assets:US:Vanguard:Cash                         -359.94 USD

2023-03-03 * "Employer match for contribution"
  Assets:US:Vanguard:Cash                          600.00 USD
  Income:US:Hooli:Match401k                       -600.00 USD

2023-03-06 * "Investing 40% of cash in VBMPX"
  Assets:US:Vanguard:VBMPX                          3.819 VBMPX {125.68 USD, 2023-03-06}
  Assets:US:Vanguard:Cash                         -479.97 USD

2023-03-06 * "Investing 60% of cash in RGAGX"
  Assets:US:Vanguard:RGAGX                          7.715 RGAGX {93.32 USD, 2023-03-06}
  Assets:US:Vanguard:Cash                         -719.96 USD

2023-03-06 * "Investing 40% of cash in VBMPX"
  Assets:US:Vanguard:VBMPX                          1.910 VBMPX {125.68 USD, 2023-03-06}
  Assets:US:Vanguard:Cash                         -240.05 USD

2023-03-06 * "Investing 60% of cash in RGAGX"
  Assets:US:Vanguard:RGAGX                          3.858 RGAGX {93.32 USD, 2023-03-06}
  Assets:US:Vanguard:Cash                         -360.03 USD

2023-03-17 * "Employer match for contribution"
  Assets:US:Vanguard:Cash                          600.00 USD
  Income:US:Hooli:Match401k                       -600.00 USD

2023-03-20 * "Investing 40% of cash in VBMPX"
  Assets:US:Vanguard:VBMPX                          3.985 VBMPX {120.44 USD, 2023-03-20}
  Assets:US:Vanguard:Cash                         -479.95 USD

2023-03-20 * "Investing 60% of cash in RGAGX"
  Assets:US:Vanguard:RGAGX                          7.686 RGAGX {93.67 USD, 2023-03-20}
  Assets:US:Vanguard:Cash                         -719.95 USD

2023-03-20 * "Investing 40% of cash in VBMPX"
  Assets:US:Vanguard:VBMPX                          1.993 VBMPX {120.44 USD, 2023-03-20}
  Assets:US:Vanguard:Cash                         -240.04 USD

2023-03-20 * "Investing 60% of cash in RGAGX"
  Assets:US:Vanguard:RGAGX                          3.844 RGAGX {93.67 USD, 2023-03-20}
  Assets:US:Vanguard:Cash                         -360.07 USD

2023-03-31 * "Employer match for contribution"
  Assets:US:Vanguard:Cash                          600.00 USD
  Income:US:Hooli:Match401k                       -600.00 USD

2023-04-03 * "Investing 40% of cash in VBMPX"
  Assets:US:Vanguard:VBMPX                          3.902 VBMPX {123.01 USD, 2023-04-03}
  Assets:US:Vanguard:Cash                         -479.99 USD

2023-04-03 * "Investing 60% of cash in RGAGX"
  Assets:US:Vanguard:RGAGX                          7.733 RGAGX {93.10 USD, 2023-04-03}
  Assets:US:Vanguard:Cash                         -719.94 USD

2023-04-03 * "Investing 40% of cash in VBMPX"
  Assets:US:Vanguard:VBMPX                          1.951 VBMPX {123.01 USD, 2023-04-03}
  Assets:US:Vanguard:Cash                         -239.99 USD

2023-04-03 * "Investing 60% of cash in RGAGX"
  Assets:US:Vanguard:RGAGX                          3.867 RGAGX {93.10 USD, 2023-04-03}
  Assets:US:Vanguard:Cash                         -360.02 USD

2023-04-14 * "Employer match for contribution"
  Assets:US:Vanguard:Cash                          600.00 USD
  Income:US:Hooli:Match401k                       -600.00 USD

2023-04-17 * "Investing 40% of cash in VBMPX"
  Assets:US:Vanguard:VBMPX                          4.030 VBMPX {119.12 USD, 2023-04-17}
  Assets:US:Vanguard:Cash                         -480.05 USD

2023-04-17 * "Investing 60% of cash in RGAGX"
  Assets:US:Vanguard:RGAGX                          7.717 RGAGX {93.30 USD, 2023-04-17}
  Assets:US:Vanguard:Cash                         -720.00 USD

2023-04-17 * "Investing 40% of cash in VBMPX"
  Assets:US:Vanguard:VBMPX                          2.015 VBMPX {119.12 USD, 2023-04-17}
  Assets:US:Vanguard:Cash                         -240.03 USD

2023-04-17 * "Investing 60% of cash in RGAGX"
  Assets:US:Vanguard:RGAGX                          3.858 RGAGX {93.30 USD, 2023-04-17}
  Assets:US:Vanguard:Cash                         -359.95 USD

2023-04-28 * "Employer match for contribution"
  Assets:US:Vanguard:Cash                          600.00 USD
  Income:US:Hooli:Match401k                       -600.00 USD

2023-05-01 * "Investing 40% of cash in VBMPX"
  Assets:US:Vanguard:VBMPX                          3.976 VBMPX {120.72 USD, 2023-05-01}
  Assets:US:Vanguard:Cash                         -479.98 USD

2023-05-01 * "Investing 60% of cash in RGAGX"
  Assets:US:Vanguard:RGAGX                          7.660 RGAGX {93.99 USD, 2023-05-01}
  Assets:US:Vanguard:Cash                         -719.96 USD

2023-05-01 * "Investing 40% of cash in VBMPX"
  Assets:US:Vanguard:VBMPX                          1.988 VBMPX {120.72 USD, 2023-05-01}
  Assets:US:Vanguard:Cash                         -239.99 USD

2023-05-01 * "Investing 60% of cash in RGAGX"
  Assets:US:Vanguard:RGAGX                          3.831 RGAGX {93.99 USD, 2023-05-01}
  Assets:US:Vanguard:Cash                         -360.08 USD

2023-05-12 * "Employer match for contribution"
  Assets:US:Vanguard:Cash                          600.00 USD
  Income:US:Hooli:Match401k                       -600.00 USD

2023-05-15 * "Investing 40% of cash in VBMPX"
  Assets:US:Vanguard:VBMPX                          4.206 VBMPX {114.12 USD, 2023-05-15}
  Assets:US:Vanguard:Cash                         -479.99 USD

2023-05-15 * "Investing 60% of cash in RGAGX"
  Assets:US:Vanguard:RGAGX                          7.569 RGAGX {95.12 USD, 2023-05-15}
  Assets:US:Vanguard:Cash                         -719.96 USD

2023-05-15 * "Investing 40% of cash in VBMPX"
  Assets:US:Vanguard:VBMPX                          2.103 VBMPX {114.12 USD, 2023-05-15}
  Assets:US:Vanguard:Cash                         -239.99 USD

2023-05-15 * "Investing 60% of cash in RGAGX"
  Assets:US:Vanguard:RGAGX                          3.785 RGAGX {95.12 USD, 2023-05-15}
  Assets:US:Vanguard:Cash                         -360.03 USD

2023-05-26 * "Employer match for contribution"
  Assets:US:Vanguard:Cash                          600.00 USD
  Income:US:Hooli:Match401k                       -600.00 USD

2023-05-29 * "Investing 40% of cash in VBMPX"
  Assets:US:Vanguard:VBMPX                          4.259 VBMPX {112.71 USD, 2023-05-29}
  Assets:US:Vanguard:Cash                         -480.03 USD

2023-05-29 * "Investing 60% of cash in RGAGX"
  Assets:US:Vanguard:RGAGX                          7.568 RGAGX {95.14 USD, 2023-05-29}
  Assets:US:Vanguard:Cash                         -720.02 USD

2023-05-29 * "Investing 40% of cash in VBMPX"
  Assets:US:Vanguard:VBMPX                          2.129 VBMPX {112.71 USD, 2023-05-29}
  Assets:US:Vanguard:Cash                         -239.96 USD

2023-05-29 * "Investing 60% of cash in RGAGX"
  Assets:US:Vanguard:RGAGX                          3.784 RGAGX {95.14 USD, 2023-05-29}
  Assets:US:Vanguard:Cash                         -360.01 USD

2023-06-09 * "Employer match for contribution"
  Assets:US:Vanguard:Cash                          600.00 USD
  Income:US:Hooli:Match401k                       -600.00 USD

2023-06-12 * "Investing 40% of cash in VBMPX"
  Assets:US:Vanguard:VBMPX                          4.135 VBMPX {116.08 USD, 2023-06-12}
  Assets:US:Vanguard:Cash                         -479.99 USD

2023-06-12 * "Investing 60% of cash in RGAGX"
  Assets:US:Vanguard:RGAGX                          7.500 RGAGX {96.00 USD, 2023-06-12}
  Assets:US:Vanguard:Cash                         -720.00 USD

2023-06-12 * "Investing 40% of cash in VBMPX"
  Assets:US:Vanguard:VBMPX                          2.068 VBMPX {116.08 USD, 2023-06-12}
  Assets:US:Vanguard:Cash                         -240.05 USD

2023-06-12 * "Investing 60% of cash in RGAGX"
  Assets:US:Vanguard:RGAGX                          3.750 RGAGX {96.00 USD, 2023-06-12}
  Assets:US:Vanguard:Cash                         -360.00 USD

2023-06-23 * "Employer match for contribution"
  Assets:US:Vanguard:Cash                          600.00 USD
  Income:US:Hooli:Match401k                       -600.00 USD

2023-06-26 * "Investing 40% of cash in VBMPX"
  Assets:US:Vanguard:VBMPX                          4.019 VBMPX {119.44 USD, 2023-06-26}
  Assets:US:Vanguard:Cash                         -480.03 USD

2023-06-26 * "Investing 60% of cash in RGAGX"
  Assets:US:Vanguard:RGAGX                          7.474 RGAGX {96.33 USD, 2023-06-26}
  Assets:US:Vanguard:Cash                         -719.97 USD

2023-06-26 * "Investing 40% of cash in VBMPX"
  Assets:US:Vanguard:VBMPX                          2.009 VBMPX {119.44 USD, 2023-06-26}
  Assets:US:Vanguard:Cash                         -239.95 USD

2023-06-26 * "Investing 60% of cash in RGAGX"
  Assets:US:Vanguard:RGAGX                          3.737 RGAGX {96.33 USD, 2023-06-26}
  Assets:US:Vanguard:Cash                         -359.99 USD

2023-07-07 * "Employer match for contribution"
  Assets:US:Vanguard:Cash                          600.00 USD
  Income:US:Hooli:Match401k                       -600.00 USD

2023-07-10 * "Investing 40% of cash in VBMPX"
  Assets:US:Vanguard:VBMPX                          4.080 VBMPX {117.65 USD, 2023-07-10}
  Assets:US:Vanguard:Cash                         -480.01 USD

2023-07-10 * "Investing 60% of cash in RGAGX"
  Assets:US:Vanguard:RGAGX                          7.437 RGAGX {96.81 USD, 2023-07-10}
  Assets:US:Vanguard:Cash                         -719.98 USD

2023-07-10 * "Investing 40% of cash in VBMPX"
  Assets:US:Vanguard:VBMPX                          2.040 VBMPX {117.65 USD, 2023-07-10}
  Assets:US:Vanguard:Cash                         -240.01 USD

2023-07-10 * "Investing 60% of cash in RGAGX"
  Assets:US:Vanguard:RGAGX                          3.719 RGAGX {96.81 USD, 2023-07-10}
  Assets:US:Vanguard:Cash                         -360.04 USD

2023-07-21 * "Employer match for contribution"
  Assets:US:Vanguard:Cash                          600.00 USD
  Income:US:Hooli:Match401k                       -600.00 USD

2023-07-24 * "Investing 40% of cash in VBMPX"
  Assets:US:Vanguard:VBMPX                          4.028 VBMPX {119.17 USD, 2023-07-24}
  Assets:US:Vanguard:Cash                         -480.02 USD

2023-07-24 * "Investing 60% of cash in RGAGX"
  Assets:US:Vanguard:RGAGX                          7.510 RGAGX {95.87 USD, 2023-07-24}
  Assets:US:Vanguard:Cash                         -719.98 USD

2023-07-24 * "Investing 40% of cash in VBMPX"
  Assets:US:Vanguard:VBMPX                          2.014 VBMPX {119.17 USD, 2023-07-24}
  Assets:US:Vanguard:Cash                         -240.01 USD

2023-07-24 * "Investing 60% of cash in RGAGX"
  Assets:US:Vanguard:RGAGX                          3.755 RGAGX {95.87 USD, 2023-07-24}
  Assets:US:Vanguard:Cash                         -359.99 USD

2023-08-04 * "Employer match for contribution"
  Assets:US:Vanguard:Cash                          250.00 USD
  Income:US:Hooli:Match401k                       -250.00 USD

2023-08-07 * "Investing 40% of cash in VBMPX"
  Assets:US:Vanguard:VBMPX                          1.665 VBMPX {120.09 USD, 2023-08-07}
  Assets:US:Vanguard:Cash                         -199.95 USD

2023-08-07 * "Investing 60% of cash in RGAGX"
  Assets:US:Vanguard:RGAGX                          3.164 RGAGX {94.81 USD, 2023-08-07}
  Assets:US:Vanguard:Cash                         -299.98 USD

2023-08-07 * "Investing 40% of cash in VBMPX"
  Assets:US:Vanguard:VBMPX                          0.833 VBMPX {120.09 USD, 2023-08-07}
  Assets:US:Vanguard:Cash                         -100.03 USD

2023-08-07 * "Investing 60% of cash in RGAGX"
  Assets:US:Vanguard:RGAGX                          1.582 RGAGX {94.81 USD, 2023-08-07}
  Assets:US:Vanguard:Cash                         -149.99 USD

2024-01-05 * "Employer match for contribution"
  Assets:US:Vanguard:Cash                          600.00 USD
  Income:US:Hooli:Match401k                       -600.00 USD

2024-01-08 * "Investing 40% of cash in VBMPX"
  Assets:US:Vanguard:VBMPX                          3.532 VBMPX {135.92 USD, 2024-01-08}
  Assets:US:Vanguard:Cash                         -480.07 USD

2024-01-08 * "Investing 60% of cash in RGAGX"
  Assets:US:Vanguard:RGAGX                          7.459 RGAGX {96.53 USD, 2024-01-08}
  Assets:US:Vanguard:Cash                         -720.02 USD

2024-01-08 * "Investing 40% of cash in VBMPX"
  Assets:US:Vanguard:VBMPX                          1.766 VBMPX {135.92 USD, 2024-01-08}
  Assets:US:Vanguard:Cash                         -240.03 USD

2024-01-08 * "Investing 60% of cash in RGAGX"
  Assets:US:Vanguard:RGAGX                          3.729 RGAGX {96.53 USD, 2024-01-08}
  Assets:US:Vanguard:Cash                         -359.96 USD

2024-01-19 * "Employer match for contribution"
  Assets:US:Vanguard:Cash                          600.00 USD
  Income:US:Hooli:Match401k                       -600.00 USD

2024-01-22 * "Investing 40% of cash in VBMPX"
  Assets:US:Vanguard:VBMPX                          3.253 VBMPX {147.53 USD, 2024-01-22}
  Assets:US:Vanguard:Cash                         -479.92 USD

2024-01-22 * "Investing 60% of cash in RGAGX"
  Assets:US:Vanguard:RGAGX                          7.449 RGAGX {96.65 USD, 2024-01-22}
  Assets:US:Vanguard:Cash                         -719.95 USD

2024-01-22 * "Investing 40% of cash in VBMPX"
  Assets:US:Vanguard:VBMPX                          1.627 VBMPX {147.53 USD, 2024-01-22}
  Assets:US:Vanguard:Cash                         -240.03 USD

2024-01-22 * "Investing 60% of cash in RGAGX"
  Assets:US:Vanguard:RGAGX                          3.725 RGAGX {96.65 USD, 2024-01-22}
  Assets:US:Vanguard:Cash                         -360.02 USD

2024-02-02 * "Employer match for contribution"
  Assets:US:Vanguard:Cash                          600.00 USD
  Income:US:Hooli:Match401k                       -600.00 USD

2024-02-05 * "Investing 40% of cash in VBMPX"
  Assets:US:Vanguard:VBMPX                          3.265 VBMPX {147.00 USD, 2024-02-05}
  Assets:US:Vanguard:Cash                         -479.96 USD

2024-02-05 * "Investing 60% of cash in RGAGX"
  Assets:US:Vanguard:RGAGX                          7.497 RGAGX {96.04 USD, 2024-02-05}
  Assets:US:Vanguard:Cash                         -720.01 USD

2024-02-05 * "Investing 40% of cash in VBMPX"
  Assets:US:Vanguard:VBMPX                          1.633 VBMPX {147.00 USD, 2024-02-05}
  Assets:US:Vanguard:Cash                         -240.05 USD

2024-02-05 * "Investing 60% of cash in RGAGX"
  Assets:US:Vanguard:RGAGX                          3.749 RGAGX {96.04 USD, 2024-02-05}
  Assets:US:Vanguard:Cash                         -360.05 USD

2024-02-16 * "Employer match for contribution"
  Assets:US:Vanguard:Cash                          600.00 USD
  Income:US:Hooli:Match401k                       -600.00 USD

2024-02-19 * "Investing 40% of cash in VBMPX"
  Assets:US:Vanguard:VBMPX                          3.314 VBMPX {144.85 USD, 2024-02-19}
  Assets:US:Vanguard:Cash                         -480.03 USD

2024-02-19 * "Investing 60% of cash in RGAGX"
  Assets:US:Vanguard:RGAGX                          7.520 RGAGX {95.74 USD, 2024-02-19}
  Assets:US:Vanguard:Cash                         -719.96 USD

2024-02-19 * "Investing 40% of cash in VBMPX"
  Assets:US:Vanguard:VBMPX                          1.657 VBMPX {144.85 USD, 2024-02-19}
  Assets:US:Vanguard:Cash                         -240.02 USD

2024-02-19 * "Investing 60% of cash in RGAGX"
  Assets:US:Vanguard:RGAGX                          3.760 RGAGX {95.74 USD, 2024-02-19}
  Assets:US:Vanguard:Cash                         -359.98 USD

2024-03-01 * "Employer match for contribution"
  Assets:US:Vanguard:Cash                          600.00 USD
  Income:US:Hooli:Match401k                       -600.00 USD

2024-03-04 * "Investing 40% of cash in VBMPX"
  Assets:US:Vanguard:VBMPX                          3.387 VBMPX {141.71 USD, 2024-03-04}
  Assets:US:Vanguard:Cash                         -479.97 USD

2024-03-04 * "Investing 60% of cash in RGAGX"
  Assets:US:Vanguard:RGAGX                          7.467 RGAGX {96.42 USD, 2024-03-04}
  Assets:US:Vanguard:Cash                         -719.97 USD

2024-03-04 * "Investing 40% of cash in VBMPX"
  Assets:US:Vanguard:VBMPX                          1.694 VBMPX {141.71 USD, 2024-03-04}
  Assets:US:Vanguard:Cash                         -240.06 USD

2024-03-04 * "Investing 60% of cash in RGAGX"
  Assets:US:Vanguard:RGAGX                          3.734 RGAGX {96.42 USD, 2024-03-04}
  Assets:US:Vanguard:Cash                         -360.03 USD

2024-03-15 * "Employer match for contribution"
  Assets:US:Vanguard:Cash                          600.00 USD
  Income:US:Hooli:Match401k                       -600.00 USD

2024-03-18 * "Investing 40% of cash in VBMPX"
  Assets:US:Vanguard:VBMPX                          3.399 VBMPX {141.21 USD, 2024-03-18}
  Assets:US:Vanguard:Cash                         -479.97 USD

2024-03-18 * "Investing 60% of cash in RGAGX"
  Assets:US:Vanguard:RGAGX                          7.494 RGAGX {96.07 USD, 2024-03-18}
  Assets:US:Vanguard:Cash                         -719.95 USD

2024-03-18 * "Investing 40% of cash in VBMPX"
  Assets:US:Vanguard:VBMPX                          1.700 VBMPX {141.21 USD, 2024-03-18}
  Assets:US:Vanguard:Cash                         -240.06 USD

2024-03-18 * "Investing 60% of cash in RGAGX"
  Assets:US:Vanguard:RGAGX                          3.747 RGAGX {96.07 USD, 2024-03-18}
  Assets:US:Vanguard:Cash                         -359.97 USD

2024-03-29 * "Employer match for contribution"
  Assets:US:Vanguard:Cash                          600.00 USD
  Income:US:Hooli:Match401k                       -600.00 USD

2024-04-01 * "Investing 40% of cash in VBMPX"
  Assets:US:Vanguard:VBMPX                          3.266 VBMPX {146.99 USD, 2024-04-01}
  Assets:US:Vanguard:Cash                         -480.07 USD

2024-04-01 * "Investing 60% of cash in RGAGX"
  Assets:US:Vanguard:RGAGX                          7.423 RGAGX {97.00 USD, 2024-04-01}
  Assets:US:Vanguard:Cash                         -720.03 USD

2024-04-01 * "Investing 40% of cash in VBMPX"
  Assets:US:Vanguard:VBMPX                          1.632 VBMPX {146.99 USD, 2024-04-01}
  Assets:US:Vanguard:Cash                         -239.89 USD

2024-04-01 * "Investing 60% of cash in RGAGX"
  Assets:US:Vanguard:RGAGX                          3.711 RGAGX {97.00 USD, 2024-04-01}
  Assets:US:Vanguard:Cash                         -359.97 USD

2024-04-12 * "Employer match for contribution"
  Assets:US:Vanguard:Cash                          600.00 USD
  Income:US:Hooli:Match401k                       -600.00 USD

2024-04-15 * "Investing 40% of cash in VBMPX"
  Assets:US:Vanguard:VBMPX                          3.216 VBMPX {149.27 USD, 2024-04-15}
  Assets:US:Vanguard:Cash                         -480.05 USD

2024-04-15 * "Investing 60% of cash in RGAGX"
  Assets:US:Vanguard:RGAGX                          7.376 RGAGX {97.62 USD, 2024-04-15}
  Assets:US:Vanguard:Cash                         -720.05 USD

2024-04-15 * "Investing 40% of cash in VBMPX"
  Assets:US:Vanguard:VBMPX                          1.608 VBMPX {149.27 USD, 2024-04-15}
  Assets:US:Vanguard:Cash                         -240.03 USD

2024-04-15 * "Investing 60% of cash in RGAGX"
  Assets:US:Vanguard:RGAGX                          3.687 RGAGX {97.62 USD, 2024-04-15}
  Assets:US:Vanguard:Cash                         -359.92 USD

2024-04-26 * "Employer match for contribution"
  Assets:US:Vanguard:Cash                          600.00 USD
  Income:US:Hooli:Match401k                       -600.00 USD

2024-04-29 * "Investing 40% of cash in VBMPX"
  Assets:US:Vanguard:VBMPX                          3.233 VBMPX {148.45 USD, 2024-04-29}
  Assets:US:Vanguard:Cash                         -479.94 USD

2024-04-29 * "Investing 60% of cash in RGAGX"
  Assets:US:Vanguard:RGAGX                          7.344 RGAGX {98.04 USD, 2024-04-29}
  Assets:US:Vanguard:Cash                         -720.01 USD

2024-04-29 * "Investing 40% of cash in VBMPX"
  Assets:US:Vanguard:VBMPX                          1.617 VBMPX {148.45 USD, 2024-04-29}
  Assets:US:Vanguard:Cash                         -240.04 USD

2024-04-29 * "Investing 60% of cash in RGAGX"
  Assets:US:Vanguard:RGAGX                          3.672 RGAGX {98.04 USD, 2024-04-29}
  Assets:US:Vanguard:Cash                         -360.00 USD

2024-05-10 * "Employer match for contribution"
  Assets:US:Vanguard:Cash                          600.00 USD
  Income:US:Hooli:Match401k                       -600.00 USD

2024-05-13 * "Investing 40% of cash in VBMPX"
  Assets:US:Vanguard:VBMPX                          3.172 VBMPX {151.30 USD, 2024-05-13}
  Assets:US:Vanguard:Cash                         -479.92 USD

2024-05-13 * "Investing 60% of cash in RGAGX"
  Assets:US:Vanguard:RGAGX                          7.457 RGAGX {96.55 USD, 2024-05-13}
  Assets:US:Vanguard:Cash                         -719.97 USD

2024-05-13 * "Investing 40% of cash in VBMPX"
  Assets:US:Vanguard:VBMPX                          1.587 VBMPX {151.30 USD, 2024-05-13}
  Assets:US:Vanguard:Cash                         -240.11 USD

2024-05-13 * "Investing 60% of cash in RGAGX"
  Assets:US:Vanguard:RGAGX                          3.729 RGAGX {96.55 USD, 2024-05-13}
  Assets:US:Vanguard:Cash                         -360.03 USD

2024-05-24 * "Employer match for contribution"
  Assets:US:Vanguard:Cash                          600.00 USD
  Income:US:Hooli:Match401k                       -600.00 USD

2024-05-27 * "Investing 40% of cash in VBMPX"
  Assets:US:Vanguard:VBMPX                          3.277 VBMPX {146.45 USD, 2024-05-27}
  Assets:US:Vanguard:Cash                         -479.92 USD

2024-05-27 * "Investing 60% of cash in RGAGX"
  Assets:US:Vanguard:RGAGX                          7.520 RGAGX {95.74 USD, 2024-05-27}
  Assets:US:Vanguard:Cash                         -719.96 USD

2024-05-27 * "Investing 40% of cash in VBMPX"
  Assets:US:Vanguard:VBMPX                          1.639 VBMPX {146.45 USD, 2024-05-27}
  Assets:US:Vanguard:Cash                         -240.03 USD

2024-05-27 * "Investing 60% of cash in RGAGX"
  Assets:US:Vanguard:RGAGX                          3.761 RGAGX {95.74 USD, 2024-05-27}
  Assets:US:Vanguard:Cash                         -360.08 USD

2024-06-07 * "Employer match for contribution"
  Assets:US:Vanguard:Cash                          600.00 USD
  Income:US:Hooli:Match401k                       -600.00 USD

2024-06-10 * "Investing 40% of cash in VBMPX"
  Assets:US:Vanguard:VBMPX                          3.264 VBMPX {147.04 USD, 2024-06-10}
  Assets:US:Vanguard:Cash                         -479.94 USD

2024-06-10 * "Investing 60% of cash in RGAGX"
  Assets:US:Vanguard:RGAGX                          7.390 RGAGX {97.43 USD, 2024-06-10}
  Assets:US:Vanguard:Cash                         -720.01 USD

2024-06-10 * "Investing 40% of cash in VBMPX"
  Assets:US:Vanguard:VBMPX                          1.632 VBMPX {147.04 USD, 2024-06-10}
  Assets:US:Vanguard:Cash                         -239.97 USD

2024-06-10 * "Investing 60% of cash in RGAGX"
  Assets:US:Vanguard:RGAGX                          3.695 RGAGX {97.43 USD, 2024-06-10}
  Assets:US:Vanguard:Cash                         -360.00 USD

2024-06-21 * "Employer match for contribution"
  Assets:US:Vanguard:Cash                          600.00 USD
  Income:US:Hooli:Match401k                       -600.00 USD

2024-06-24 * "Investing 40% of cash in VBMPX"
  Assets:US:Vanguard:VBMPX                          3.089 VBMPX {155.41 USD, 2024-06-24}
  Assets:US:Vanguard:Cash                         -480.06 USD

2024-06-24 * "Investing 60% of cash in RGAGX"
  Assets:US:Vanguard:RGAGX                          7.329 RGAGX {98.25 USD, 2024-06-24}
  Assets:US:Vanguard:Cash                         -720.07 USD

2024-06-24 * "Investing 40% of cash in VBMPX"
  Assets:US:Vanguard:VBMPX                          1.544 VBMPX {155.41 USD, 2024-06-24}
  Assets:US:Vanguard:Cash                         -239.95 USD

2024-06-24 * "Investing 60% of cash in RGAGX"
  Assets:US:Vanguard:RGAGX                          3.664 RGAGX {98.25 USD, 2024-06-24}
  Assets:US:Vanguard:Cash                         -359.99 USD

2024-07-05 * "Employer match for contribution"
  Assets:US:Vanguard:Cash                          600.00 USD
  Income:US:Hooli:Match401k                       -600.00 USD

2024-07-08 * "Investing 40% of cash in VBMPX"
  Assets:US:Vanguard:VBMPX                          3.059 VBMPX {156.91 USD, 2024-07-08}
  Assets:US:Vanguard:Cash                         -479.99 USD

2024-07-08 * "Investing 60% of cash in RGAGX"
  Assets:US:Vanguard:RGAGX                          7.271 RGAGX {99.02 USD, 2024-07-08}
  Assets:US:Vanguard:Cash                         -719.97 USD

2024-07-08 * "Investing 40% of cash in VBMPX"
  Assets:US:Vanguard:VBMPX                          1.530 VBMPX {156.91 USD, 2024-07-08}
  Assets:US:Vanguard:Cash                         -240.07 USD

2024-07-08 * "Investing 60% of cash in RGAGX"
  Assets:US:Vanguard:RGAGX                          3.636 RGAGX {99.02 USD, 2024-07-08}
  Assets:US:Vanguard:Cash                         -360.04 USD

2024-07-19 * "Employer match for contribution"
  Assets:US:Vanguard:Cash                          600.00 USD
  Income:US:Hooli:Match401k                       -600.00 USD

2024-07-22 * "Investing 40% of cash in VBMPX"
  Assets:US:Vanguard:VBMPX                          3.147 VBMPX {152.50 USD, 2024-07-22}
  Assets:US:Vanguard:Cash                         -479.92 USD

2024-07-22 * "Investing 60% of cash in RGAGX"
  Assets:US:Vanguard:RGAGX                          7.174 RGAGX {100.35 USD, 2024-07-22}
  Assets:US:Vanguard:Cash                         -719.91 USD

2024-07-22 * "Investing 40% of cash in VBMPX"
  Assets:US:Vanguard:VBMPX                          1.574 VBMPX {152.50 USD, 2024-07-22}
  Assets:US:Vanguard:Cash                         -240.04 USD

2024-07-22 * "Investing 60% of cash in RGAGX"
  Assets:US:Vanguard:RGAGX                          3.588 RGAGX {100.35 USD, 2024-07-22}
  Assets:US:Vanguard:Cash                         -360.06 USD

2024-08-02 * "Employer match for contribution"
  Assets:US:Vanguard:Cash                          250.00 USD
  Income:US:Hooli:Match401k                       -250.00 USD

2024-08-05 * "Investing 40% of cash in VBMPX"
  Assets:US:Vanguard:VBMPX                          1.355 VBMPX {147.60 USD, 2024-08-05}
  Assets:US:Vanguard:Cash                         -200.00 USD

2024-08-05 * "Investing 60% of cash in RGAGX"
  Assets:US:Vanguard:RGAGX                          3.014 RGAGX {99.52 USD, 2024-08-05}
  Assets:US:Vanguard:Cash                         -299.95 USD

2024-08-05 * "Investing 40% of cash in VBMPX"
  Assets:US:Vanguard:VBMPX                          0.678 VBMPX {147.60 USD, 2024-08-05}
  Assets:US:Vanguard:Cash                         -100.07 USD

2024-08-05 * "Investing 60% of cash in RGAGX"
  Assets:US:Vanguard:RGAGX                          1.507 RGAGX {99.52 USD, 2024-08-05}
  Assets:US:Vanguard:Cash                         -149.98 USD

2025-01-03 * "Employer match for contribution"
  Assets:US:Vanguard:Cash                          600.00 USD
  Income:US:Hooli:Match401k                       -600.00 USD

2025-01-06 * "Investing 40% of cash in VBMPX"
  Assets:US:Vanguard:VBMPX                          3.051 VBMPX {157.31 USD, 2025-01-06}
  Assets:US:Vanguard:Cash                         -479.95 USD

2025-01-06 * "Investing 60% of cash in RGAGX"
  Assets:US:Vanguard:RGAGX                          6.935 RGAGX {103.82 USD, 2025-01-06}
  Assets:US:Vanguard:Cash                         -719.99 USD

2025-01-06 * "Investing 40% of cash in VBMPX"
  Assets:US:Vanguard:VBMPX                          1.526 VBMPX {157.31 USD, 2025-01-06}
  Assets:US:Vanguard:Cash                         -240.06 USD

2025-01-06 * "Investing 60% of cash in RGAGX"
  Assets:US:Vanguard:RGAGX                          3.468 RGAGX {103.82 USD, 2025-01-06}
  Assets:US:Vanguard:Cash                         -360.05 USD

2025-01-17 * "Employer match for contribution"
  Assets:US:Vanguard:Cash                          600.00 USD
  Income:US:Hooli:Match401k                       -600.00 USD

2025-01-20 * "Investing 40% of cash in VBMPX"
  Assets:US:Vanguard:VBMPX                          2.964 VBMPX {161.95 USD, 2025-01-20}
  Assets:US:Vanguard:Cash                         -480.02 USD

2025-01-20 * "Investing 60% of cash in RGAGX"
  Assets:US:Vanguard:RGAGX                          6.890 RGAGX {104.49 USD, 2025-01-20}
  Assets:US:Vanguard:Cash                         -719.94 USD

2025-01-20 * "Investing 40% of cash in VBMPX"
  Assets:US:Vanguard:VBMPX                          1.482 VBMPX {161.95 USD, 2025-01-20}
  Assets:US:Vanguard:Cash                         -240.01 USD

2025-01-20 * "Investing 60% of cash in RGAGX"
  Assets:US:Vanguard:RGAGX                          3.445 RGAGX {104.49 USD, 2025-01-20}
  Assets:US:Vanguard:Cash                         -359.97 USD

2025-01-31 * "Employer match for contribution"
  Assets:US:Vanguard:Cash                          600.00 USD
  Income:US:Hooli:Match401k                       -600.00 USD

2025-02-03 * "Investing 40% of cash in VBMPX"
  Assets:US:Vanguard:VBMPX                          2.924 VBMPX {164.17 USD, 2025-02-03}
  Assets:US:Vanguard:Cash                         -480.03 USD

2025-02-03 * "Investing 60% of cash in RGAGX"
  Assets:US:Vanguard:RGAGX                          6.891 RGAGX {104.48 USD, 2025-02-03}
  Assets:US:Vanguard:Cash                         -719.97 USD

2025-02-03 * "Investing 40% of cash in VBMPX"
  Assets:US:Vanguard:VBMPX                          1.462 VBMPX {164.17 USD, 2025-02-03}
  Assets:US:Vanguard:Cash                         -240.02 USD

2025-02-03 * "Investing 60% of cash in RGAGX"
  Assets:US:Vanguard:RGAGX                          3.446 RGAGX {104.48 USD, 2025-02-03}
  Assets:US:Vanguard:Cash                         -360.04 USD

2025-02-14 * "Employer match for contribution"
  Assets:US:Vanguard:Cash                          600.00 USD
  Income:US:Hooli:Match401k                       -600.00 USD

2025-02-17 * "Investing 40% of cash in VBMPX"
  Assets:US:Vanguard:VBMPX                          2.893 VBMPX {165.92 USD, 2025-02-17}
  Assets:US:Vanguard:Cash                         -480.01 USD

2025-02-17 * "Investing 60% of cash in RGAGX"
  Assets:US:Vanguard:RGAGX                          6.807 RGAGX {105.76 USD, 2025-02-17}
  Assets:US:Vanguard:Cash                         -719.91 USD

2025-02-17 * "Investing 40% of cash in VBMPX"
  Assets:US:Vanguard:VBMPX                          1.447 VBMPX {165.92 USD, 2025-02-17}
  Assets:US:Vanguard:Cash                         -240.09 USD

2025-02-17 * "Investing 60% of cash in RGAGX"
  Assets:US:Vanguard:RGAGX                          3.404 RGAGX {105.76 USD, 2025-02-17}
  Assets:US:Vanguard:Cash                         -360.01 USD

2025-02-28 * "Employer match for contribution"
  Assets:US:Vanguard:Cash                          600.00 USD
  Income:US:Hooli:Match401k                       -600.00 USD

2025-03-03 * "Investing 40% of cash in VBMPX"
  Assets:US:Vanguard:VBMPX                          2.882 VBMPX {166.52 USD, 2025-03-03}
  Assets:US:Vanguard:Cash                         -479.91 USD

2025-03-03 * "Investing 60% of cash in RGAGX"
  Assets:US:Vanguard:RGAGX                          6.742 RGAGX {106.79 USD, 2025-03-03}
  Assets:US:Vanguard:Cash                         -719.98 USD

2025-03-03 * "Investing 40% of cash in VBMPX"
  Assets:US:Vanguard:VBMPX                          1.441 VBMPX {166.52 USD, 2025-03-03}
  Assets:US:Vanguard:Cash                         -239.96 USD

2025-03-03 * "Investing 60% of cash in RGAGX"
  Assets:US:Vanguard:RGAGX                          3.371 RGAGX {106.79 USD, 2025-03-03}
  Assets:US:Vanguard:Cash                         -359.99 USD

2025-03-14 * "Employer match for contribution"
  Assets:US:Vanguard:Cash                          600.00 USD
  Income:US:Hooli:Match401k                       -600.00 USD

2025-03-17 * "Investing 40% of cash in VBMPX"
  Assets:US:Vanguard:VBMPX                          2.933 VBMPX {163.67 USD, 2025-03-17}
  Assets:US:Vanguard:Cash                         -480.04 USD

2025-03-17 * "Investing 60% of cash in RGAGX"
  Assets:US:Vanguard:RGAGX                          6.703 RGAGX {107.42 USD, 2025-03-17}
  Assets:US:Vanguard:Cash                         -720.04 USD

2025-03-17 * "Investing 40% of cash in VBMPX"
  Assets:US:Vanguard:VBMPX                          1.466 VBMPX {163.67 USD, 2025-03-17}
  Assets:US:Vanguard:Cash                         -239.94 USD

2025-03-17 * "Investing 60% of cash in RGAGX"
  Assets:US:Vanguard:RGAGX                          3.351 RGAGX {107.42 USD, 2025-03-17}
  Assets:US:Vanguard:Cash                         -359.96 USD

2025-03-28 * "Employer match for contribution"
  Assets:US:Vanguard:Cash                          600.00 USD
  Income:US:Hooli:Match401k                       -600.00 USD

2025-03-31 * "Investing 40% of cash in VBMPX"
  Assets:US:Vanguard:VBMPX                          2.963 VBMPX {161.99 USD, 2025-03-31}
  Assets:US:Vanguard:Cash                         -479.98 USD

2025-03-31 * "Investing 60% of cash in RGAGX"
  Assets:US:Vanguard:RGAGX                          6.745 RGAGX {106.76 USD, 2025-03-31}
  Assets:US:Vanguard:Cash                         -720.10 USD

2025-03-31 * "Investing 40% of cash in VBMPX"
  Assets:US:Vanguard:VBMPX                          1.482 VBMPX {161.99 USD, 2025-03-31}
  Assets:US:Vanguard:Cash                         -240.07 USD

2025-03-31 * "Investing 60% of cash in RGAGX"
  Assets:US:Vanguard:RGAGX                          3.372 RGAGX {106.76 USD, 2025-03-31}
  Assets:US:Vanguard:Cash                         -359.99 USD



* Sources of Income

2023-01-01 open Income:US:Hooli:Salary                      USD
2023-01-01 open Income:US:Hooli:GroupTermLife               USD
2023-01-01 open Income:US:Hooli:Vacation                    VACHR
2023-01-01 open Assets:US:Hooli:Vacation                    VACHR
2023-01-01 open Expenses:Vacation                               VACHR
2023-01-01 open Expenses:Health:Life:GroupTermLife
2023-01-01 open Expenses:Health:Medical:Insurance
2023-01-01 open Expenses:Health:Dental:Insurance
2023-01-01 open Expenses:Health:Vision:Insurance

2023-01-01 event "employer" "Hooli, 1 Carloston Rd, Mountain Beer, CA"

2023-01-05 * "Hooli" "Payroll"
  Assets:US:BofA:Checking                         1350.60 USD
  Assets:US:Vanguard:Cash                         1200.00 USD
  Income:US:Hooli:Salary                         -4615.38 USD
  Income:US:Hooli:GroupTermLife                    -24.32 USD
  Expenses:Health:Life:GroupTermLife                24.32 USD
  Expenses:Health:Dental:Insurance                   2.90 USD
  Expenses:Health:Medical:Insurance                 27.38 USD
  Expenses:Health:Vision:Insurance                  42.30 USD
  Expenses:Taxes:Y2023:US:Medicare                 106.62 USD
  Expenses:Taxes:Y2023:US:Federal                 1062.92 USD
  Expenses:Taxes:Y2023:US:State                    365.08 USD
  Expenses:Taxes:Y2023:US:CityNYC                  174.92 USD
  Expenses:Taxes:Y2023:US:SDI                        1.12 USD
  Expenses:Taxes:Y2023:US:SocSec                   281.54 USD
  Assets:US:Federal:PreTax401k                   -1200.00 IRAUSD
  Expenses:Taxes:Y2023:US:Federal:PreTax401k      1200.00 IRAUSD
  Assets:US:Hooli:Vacation                              5 VACHR
  Income:US:Hooli:Vacation                             -5 VACHR

2023-01-19 * "Hooli" "Payroll"
  Assets:US:BofA:Checking                         1350.60 USD
  Assets:US:Vanguard:Cash                         1200.00 USD
  Income:US:Hooli:Salary                         -4615.38 USD
  Income:US:Hooli:GroupTermLife                    -24.32 USD
  Expenses:Health:Life:GroupTermLife                24.32 USD
  Expenses:Health:Dental:Insurance                   2.90 USD
  Expenses:Health:Medical:Insurance                 27.38 USD
  Expenses:Health:Vision:Insurance                  42.30 USD
  Expenses:Taxes:Y2023:US:Medicare                 106.62 USD
  Expenses:Taxes:Y2023:US:Federal                 1062.92 USD
  Expenses:Taxes:Y2023:US:State                    365.08 USD
  Expenses:Taxes:Y2023:US:CityNYC                  174.92 USD
  Expenses:Taxes:Y2023:US:SDI                        1.12 USD
  Expenses:Taxes:Y2023:US:SocSec                   281.54 USD
  Assets:US:Federal:PreTax401k                   -1200.00 IRAUSD
  Expenses:Taxes:Y2023:US:Federal:PreTax401k      1200.00 IRAUSD
  Assets:US:Hooli:Vacation                              5 VACHR
  Income:US:Hooli:Vacation                             -5 VACHR

2023-02-02 * "Hooli" "Payroll"
  Assets:US:BofA:Checking                         1350.60 USD
  Assets:US:Vanguard:Cash                         1200.00 USD
  Income:US:Hooli:Salary                         -4615.38 USD
  Income:US:Hooli:GroupTermLife                    -24.32 USD
  Expenses:Health:Life:GroupTermLife                24.32 USD
  Expenses:Health:Dental:Insurance                   2.90 USD
  Expenses:Health:Medical:Insurance                 27.38 USD
  Expenses:Health:Vision:Insurance                  42.30 USD
  Expenses:Taxes:Y2023:US:Medicare                 106.62 USD
  Expenses:Taxes:Y2023:US:Federal                 1062.92 USD
  Expenses:Taxes:Y2023:US:State                    365.08 USD
  Expenses:Taxes:Y2023:US:CityNYC                  174.92 USD
  Expenses:Taxes:Y2023:US:SDI                        1.12 USD
  Expenses:Taxes:Y2023:US:SocSec                   281.54 USD
  Assets:US:Federal:PreTax401k                   -1200.00 IRAUSD
  Expenses:Taxes:Y2023:US:Federal:PreTax401k      1200.00 IRAUSD
  Assets:US:Hooli:Vacation                              5 VACHR
  Income:US:Hooli:Vacation                             -5 VACHR

2023-02-16 * "Hooli" "Payroll"
  Assets:US:BofA:Checking                         1350.60 USD
  Assets:US:Vanguard:Cash                         1200.00 USD
  Income:US:Hooli:Salary                         -4615.38 USD
  Income:US:Hooli:GroupTermLife                    -24.32 USD
  Expenses:Health:Life:GroupTermLife                24.32 USD
  Expenses:Health:Dental:Insurance                   2.90 USD
  Expenses:Health:Medical:Insurance                 27.38 USD
  Expenses:Health:Vision:Insurance                  42.30 USD
  Expenses:Taxes:Y2023:US:Medicare                 106.62 USD
  Expenses:Taxes:Y2023:US:Federal                 1062.92 USD
  Expenses:Taxes:Y2023:US:State                    365.08 USD
  Expenses:Taxes:Y2023:US:CityNYC                  174.92 USD
  Expenses:Taxes:Y2023:US:SDI                        1.12 USD
  Expenses:Taxes:Y2023:US:SocSec                   281.54 USD
  Assets:US:Federal:PreTax401k                   -1200.00 IRAUSD
  Expenses:Taxes:Y2023:US:Federal:PreTax401k      1200.00 IRAUSD
  Assets:US:Hooli:Vacation                              5 VACHR
  Income:US:Hooli:Vacation                             -5 VACHR

2023-03-02 * "Hooli" "Payroll"
  Assets:US:BofA:Checking                         1350.60 USD
  Assets:US:Vanguard:Cash                         1200.00 USD
  Income:US:Hooli:Salary                         -4615.38 USD
  Income:US:Hooli:GroupTermLife                    -24.32 USD
  Expenses:Health:Life:GroupTermLife                24.32 USD
  Expenses:Health:Dental:Insurance                   2.90 USD
  Expenses:Health:Medical:Insurance                 27.38 USD
  Expenses:Health:Vision:Insurance                  42.30 USD
  Expenses:Taxes:Y2023:US:Medicare                 106.62 USD
  Expenses:Taxes:Y2023:US:Federal                 1062.92 USD
  Expenses:Taxes:Y2023:US:State                    365.08 USD
  Expenses:Taxes:Y2023:US:CityNYC                  174.92 USD
  Expenses:Taxes:Y2023:US:SDI                        1.12 USD
  Expenses:Taxes:Y2023:US:SocSec                   281.54 USD
  Assets:US:Federal:PreTax401k                   -1200.00 IRAUSD
  Expenses:Taxes:Y2023:US:Federal:PreTax401k      1200.00 IRAUSD
  Assets:US:Hooli:Vacation                              5 VACHR
  Income:US:Hooli:Vacation                             -5 VACHR

2023-03-16 * "Hooli" "Payroll"
  Assets:US:BofA:Checking                         1350.60 USD
  Assets:US:Vanguard:Cash                         1200.00 USD
  Income:US:Hooli:Salary                         -4615.38 USD
  Income:US:Hooli:GroupTermLife                    -24.32 USD
  Expenses:Health:Life:GroupTermLife                24.32 USD
  Expenses:Health:Dental:Insurance                   2.90 USD
  Expenses:Health:Medical:Insurance                 27.38 USD
  Expenses:Health:Vision:Insurance                  42.30 USD
  Expenses:Taxes:Y2023:US:Medicare                 106.62 USD
  Expenses:Taxes:Y2023:US:Federal                 1062.92 USD
  Expenses:Taxes:Y2023:US:State                    365.08 USD
  Expenses:Taxes:Y2023:US:CityNYC                  174.92 USD
  Expenses:Taxes:Y2023:US:SDI                        1.12 USD
  Expenses:Taxes:Y2023:US:SocSec                   281.54 USD
  Assets:US:Federal:PreTax401k                   -1200.00 IRAUSD
  Expenses:Taxes:Y2023:US:Federal:PreTax401k      1200.00 IRAUSD
  Assets:US:Hooli:Vacation                              5 VACHR
  Income:US:Hooli:Vacation                             -5 VACHR

2023-03-30 * "Hooli" "Payroll"
  Assets:US:BofA:Checking                         1350.60 USD
  Assets:US:Vanguard:Cash                         1200.00 USD
  Income:US:Hooli:Salary                         -4615.38 USD
  Income:US:Hooli:GroupTermLife                    -24.32 USD
  Expenses:Health:Life:GroupTermLife                24.32 USD
  Expenses:Health:Dental:Insurance                   2.90 USD
  Expenses:Health:Medical:Insurance                 27.38 USD
  Expenses:Health:Vision:Insurance                  42.30 USD
  Expenses:Taxes:Y2023:US:Medicare                 106.62 USD
  Expenses:Taxes:Y2023:US:Federal                 1062.92 USD
  Expenses:Taxes:Y2023:US:State                    365.08 USD
  Expenses:Taxes:Y2023:US:CityNYC                  174.92 USD
  Expenses:Taxes:Y2023:US:SDI                        1.12 USD
  Expenses:Taxes:Y2023:US:SocSec                   281.54 USD
  Assets:US:Federal:PreTax401k                   -1200.00 IRAUSD
  Expenses:Taxes:Y2023:US:Federal:PreTax401k      1200.00 IRAUSD
  Assets:US:Hooli:Vacation                              5 VACHR
  Income:US:Hooli:Vacation                             -5 VACHR

2023-04-13 * "Hooli" "Payroll"
  Assets:US:BofA:Checking                         1350.60 USD
  Assets:US:Vanguard:Cash                         1200.00 USD
  Income:US:Hooli:Salary                         -4615.38 USD
  Income:US:Hooli:GroupTermLife                    -24.32 USD
  Expenses:Health:Life:GroupTermLife                24.32 USD
  Expenses:Health:Dental:Insurance                   2.90 USD
  Expenses:Health:Medical:Insurance                 27.38 USD
  Expenses:Health:Vision:Insurance                  42.30 USD
  Expenses:Taxes:Y2023:US:Medicare                 106.62 USD
  Expenses:Taxes:Y2023:US:Federal                 1062.92 USD
  Expenses:Taxes:Y2023:US:State                    365.08 USD
  Expenses:Taxes:Y2023:US:CityNYC                  174.92 USD
  Expenses:Taxes:Y2023:US:SDI                        1.12 USD
  Expenses:Taxes:Y2023:US:SocSec                   281.54 USD
  Assets:US:Federal:PreTax401k                   -1200.00 IRAUSD
  Expenses:Taxes:Y2023:US:Federal:PreTax401k      1200.00 IRAUSD
  Assets:US:Hooli:Vacation                              5 VACHR
  Income:US:Hooli:Vacation                             -5 VACHR

2023-04-27 * "Hooli" "Payroll"
  Assets:US:BofA:Checking                         1350.60 USD
  Assets:US:Vanguard:Cash                         1200.00 USD
  Income:US:Hooli:Salary                         -4615.38 USD
  Income:US:Hooli:GroupTermLife                    -24.32 USD
  Expenses:Health:Life:GroupTermLife                24.32 USD
  Expenses:Health:Dental:Insurance                   2.90 USD
  Expenses:Health:Medical:Insurance                 27.38 USD
  Expenses:Health:Vision:Insurance                  42.30 USD
  Expenses:Taxes:Y2023:US:Medicare                 106.62 USD
  Expenses:Taxes:Y2023:US:Federal                 1062.92 USD
  Expenses:Taxes:Y2023:US:State                    365.08 USD
  Expenses:Taxes:Y2023:US:CityNYC                  174.92 USD
  Expenses:Taxes:Y2023:US:SDI                        1.12 USD
  Expenses:Taxes:Y2023:US:SocSec                   281.54 USD
  Assets:US:Federal:PreTax401k                   -1200.00 IRAUSD
  Expenses:Taxes:Y2023:US:Federal:PreTax401k      1200.00 IRAUSD
  Assets:US:Hooli:Vacation                              5 VACHR
  Income:US:Hooli:Vacation                             -5 VACHR

2023-05-11 * "Hooli" "Payroll"
  Assets:US:BofA:Checking                         1350.60 USD
  Assets:US:Vanguard:Cash                         1200.00 USD
  Income:US:Hooli:Salary                         -4615.38 USD
  Income:US:Hooli:GroupTermLife                    -24.32 USD
  Expenses:Health:Life:GroupTermLife                24.32 USD
  Expenses:Health:Dental:Insurance                   2.90 USD
  Expenses:Health:Medical:Insurance                 27.38 USD
  Expenses:Health:Vision:Insurance                  42.30 USD
  Expenses:Taxes:Y2023:US:Medicare                 106.62 USD
  Expenses:Taxes:Y2023:US:Federal                 1062.92 USD
  Expenses:Taxes:Y2023:US:State                    365.08 USD
  Expenses:Taxes:Y2023:US:CityNYC                  174.92 USD
  Expenses:Taxes:Y2023:US:SDI                        1.12 USD
  Expenses:Taxes:Y2023:US:SocSec                   281.54 USD
  Assets:US:Federal:PreTax401k                   -1200.00 IRAUSD
  Expenses:Taxes:Y2023:US:Federal:PreTax401k      1200.00 IRAUSD
  Assets:US:Hooli:Vacation                              5 VACHR
  Income:US:Hooli:Vacation                             -5 VACHR

2023-05-25 * "Hooli" "Payroll"
  Assets:US:BofA:Checking                         1350.60 USD
  Assets:US:Vanguard:Cash                         1200.00 USD
  Income:US:Hooli:Salary                         -4615.38 USD
  Income:US:Hooli:GroupTermLife                    -24.32 USD
  Expenses:Health:Life:GroupTermLife                24.32 USD
  Expenses:Health:Dental:Insurance                   2.90 USD
  Expenses:Health:Medical:Insurance                 27.38 USD
  Expenses:Health:Vision:Insurance                  42.30 USD
  Expenses:Taxes:Y2023:US:Medicare                 106.62 USD
  Expenses:Taxes:Y2023:US:Federal                 1062.92 USD
  Expenses:Taxes:Y2023:US:State                    365.08 USD
  Expenses:Taxes:Y2023:US:CityNYC                  174.92 USD
  Expenses:Taxes:Y2023:US:SDI                        1.12 USD
  Expenses:Taxes:Y2023:US:SocSec                   281.54 USD
  Assets:US:Federal:PreTax401k                   -1200.00 IRAUSD
  Expenses:Taxes:Y2023:US:Federal:PreTax401k      1200.00 IRAUSD
  Assets:US:Hooli:Vacation                              5 VACHR
  Income:US:Hooli:Vacation                             -5 VACHR

2023-06-08 * "Hooli" "Payroll"
  Assets:US:BofA:Checking                         1350.60 USD
  Assets:US:Vanguard:Cash                         1200.00 USD
  Income:US:Hooli:Salary                         -4615.38 USD
  Income:US:Hooli:GroupTermLife                    -24.32 USD
  Expenses:Health:Life:GroupTermLife                24.32 USD
  Expenses:Health:Dental:Insurance                   2.90 USD
  Expenses:Health:Medical:Insurance                 27.38 USD
  Expenses:Health:Vision:Insurance                  42.30 USD
  Expenses:Taxes:Y2023:US:Medicare                 106.62 USD
  Expenses:Taxes:Y2023:US:Federal                 1062.92 USD
  Expenses:Taxes:Y2023:US:State                    365.08 USD
  Expenses:Taxes:Y2023:US:CityNYC                  174.92 USD
  Expenses:Taxes:Y2023:US:SDI                        1.12 USD
  Expenses:Taxes:Y2023:US:SocSec                   281.54 USD
  Assets:US:Federal:PreTax401k                   -1200.00 IRAUSD
  Expenses:Taxes:Y2023:US:Federal:PreTax401k      1200.00 IRAUSD
  Assets:US:Hooli:Vacation                              5 VACHR
  Income:US:Hooli:Vacation                             -5 VACHR

2023-06-22 * "Hooli" "Payroll"
  Assets:US:BofA:Checking                         1350.60 USD
  Assets:US:Vanguard:Cash                         1200.00 USD
  Income:US:Hooli:Salary                         -4615.38 USD
  Income:US:Hooli:GroupTermLife                    -24.32 USD
  Expenses:Health:Life:GroupTermLife                24.32 USD
  Expenses:Health:Dental:Insurance                   2.90 USD
  Expenses:Health:Medical:Insurance                 27.38 USD
  Expenses:Health:Vision:Insurance                  42.30 USD
  Expenses:Taxes:Y2023:US:Medicare                 106.62 USD
  Expenses:Taxes:Y2023:US:Federal                 1062.92 USD
  Expenses:Taxes:Y2023:US:State                    365.08 USD
  Expenses:Taxes:Y2023:US:CityNYC                  174.92 USD
  Expenses:Taxes:Y2023:US:SDI                        1.12 USD
  Expenses:Taxes:Y2023:US:SocSec                   281.54 USD
  Assets:US:Federal:PreTax401k                   -1200.00 IRAUSD
  Expenses:Taxes:Y2023:US:Federal:PreTax401k      1200.00 IRAUSD
  Assets:US:Hooli:Vacation                              5 VACHR
  Income:US:Hooli:Vacation                             -5 VACHR

2023-07-06 * "Hooli" "Payroll"
  Assets:US:BofA:Checking                         1350.60 USD
  Assets:US:Vanguard:Cash                         1200.00 USD
  Income:US:Hooli:Salary                         -4615.38 USD
  Income:US:Hooli:GroupTermLife                    -24.32 USD
  Expenses:Health:Life:GroupTermLife                24.32 USD
  Expenses:Health:Dental:Insurance                   2.90 USD
  Expenses:Health:Medical:Insurance                 27.38 USD
  Expenses:Health:Vision:Insurance                  42.30 USD
  Expenses:Taxes:Y2023:US:Medicare                 106.62 USD
  Expenses:Taxes:Y2023:US:Federal                 1062.92 USD
  Expenses:Taxes:Y2023:US:State                    365.08 USD
  Expenses:Taxes:Y2023:US:CityNYC                  174.92 USD
  Expenses:Taxes:Y2023:US:SDI                        1.12 USD
  Expenses:Taxes:Y2023:US:SocSec                   281.54 USD
  Assets:US:Federal:PreTax401k                   -1200.00 IRAUSD
  Expenses:Taxes:Y2023:US:Federal:PreTax401k      1200.00 IRAUSD
  Assets:US:Hooli:Vacation                              5 VACHR
  Income:US:Hooli:Vacation                             -5 VACHR

2023-07-20 * "Hooli" "Payroll"
  Assets:US:BofA:Checking                         1350.60 USD
  Assets:US:Vanguard:Cash                         1200.00 USD
  Income:US:Hooli:Salary                         -4615.38 USD
  Income:US:Hooli:GroupTermLife                    -24.32 USD
  Expenses:Health:Life:GroupTermLife                24.32 USD
  Expenses:Health:Dental:Insurance                   2.90 USD
  Expenses:Health:Medical:Insurance                 27.38 USD
  Expenses:Health:Vision:Insurance                  42.30 USD
  Expenses:Taxes:Y2023:US:Medicare                 106.62 USD
  Expenses:Taxes:Y2023:US:Federal                 1062.92 USD
  Expenses:Taxes:Y2023:US:State                    365.08 USD
  Expenses:Taxes:Y2023:US:CityNYC                  174.92 USD
  Expenses:Taxes:Y2023:US:SDI                        1.12 USD
  Expenses:Taxes:Y2023:US:SocSec                   281.54 USD
  Assets:US:Federal:PreTax401k                   -1200.00 IRAUSD
  Expenses:Taxes:Y2023:US:Federal:PreTax401k      1200.00 IRAUSD
  Assets:US:Hooli:Vacation                              5 VACHR
  Income:US:Hooli:Vacation                             -5 VACHR

2023-08-03 * "Hooli" "Payroll"
  Assets:US:BofA:Checking                         2050.60 USD
  Assets:US:Vanguard:Cash                          500.00 USD
  Income:US:Hooli:Salary                         -4615.38 USD
  Income:US:Hooli:GroupTermLife                    -24.32 USD
  Expenses:Health:Life:GroupTermLife                24.32 USD
  Expenses:Health:Dental:Insurance                   2.90 USD
  Expenses:Health:Medical:Insurance                 27.38 USD
  Expenses:Health:Vision:Insurance                  42.30 USD
  Expenses:Taxes:Y2023:US:Medicare                 106.62 USD
  Expenses:Taxes:Y2023:US:Federal                 1062.92 USD
  Expenses:Taxes:Y2023:US:State                    365.08 USD
  Expenses:Taxes:Y2023:US:CityNYC                  174.92 USD
  Expenses:Taxes:Y2023:US:SDI                        1.12 USD
  Expenses:Taxes:Y2023:US:SocSec                   281.54 USD
  Assets:US:Federal:PreTax401k                    -500.00 IRAUSD
  Expenses:Taxes:Y2023:US:Federal:PreTax401k       500.00 IRAUSD
  Assets:US:Hooli:Vacation                              5 VACHR
  Income:US:Hooli:Vacation                             -5 VACHR

2023-08-17 * "Hooli" "Payroll"
  Assets:US:BofA:Checking                         2550.60 USD
  Income:US:Hooli:Salary                         -4615.38 USD
  Income:US:Hooli:GroupTermLife                    -24.32 USD
  Expenses:Health:Life:GroupTermLife                24.32 USD
  Expenses:Health:Dental:Insurance                   2.90 USD
  Expenses:Health:Medical:Insurance                 27.38 USD
  Expenses:Health:Vision:Insurance                  42.30 USD
  Expenses:Taxes:Y2023:US:Medicare                 106.62 USD
  Expenses:Taxes:Y2023:US:Federal                 1062.92 USD
  Expenses:Taxes:Y2023:US:State                    365.08 USD
  Expenses:Taxes:Y2023:US:CityNYC                  174.92 USD
  Expenses:Taxes:Y2023:US:SDI                        1.12 USD
  Expenses:Taxes:Y2023:US:SocSec                   281.54 USD
  Assets:US:Hooli:Vacation                              5 VACHR
  Income:US:Hooli:Vacation                             -5 VACHR

2023-08-31 * "Hooli" "Payroll"
  Assets:US:BofA:Checking                         2550.60 USD
  Income:US:Hooli:Salary                         -4615.38 USD
  Income:US:Hooli:GroupTermLife                    -24.32 USD
  Expenses:Health:Life:GroupTermLife                24.32 USD
  Expenses:Health:Dental:Insurance                   2.90 USD
  Expenses:Health:Medical:Insurance                 27.38 USD
  Expenses:Health:Vision:Insurance                  42.30 USD
  Expenses:Taxes:Y2023:US:Medicare                 106.62 USD
  Expenses:Taxes:Y2023:US:Federal                 1062.92 USD
  Expenses:Taxes:Y2023:US:State                    365.08 USD
  Expenses:Taxes:Y2023:US:CityNYC                  174.92 USD
  Expenses:Taxes:Y2023:US:SDI                        1.12 USD
  Expenses:Taxes:Y2023:US:SocSec                   281.54 USD
  Assets:US:Hooli:Vacation                              5 VACHR
  Income:US:Hooli:Vacation                             -5 VACHR

2023-09-14 * "Hooli" "Payroll"
  Assets:US:BofA:Checking                         2550.60 USD
  Income:US:Hooli:Salary                         -4615.38 USD
  Income:US:Hooli:GroupTermLife                    -24.32 USD
  Expenses:Health:Life:GroupTermLife                24.32 USD
  Expenses:Health:Dental:Insurance                   2.90 USD
  Expenses:Health:Medical:Insurance                 27.38 USD
  Expenses:Health:Vision:Insurance                  42.30 USD
  Expenses:Taxes:Y2023:US:Medicare                 106.62 USD
  Expenses:Taxes:Y2023:US:Federal                 1062.92 USD
  Expenses:Taxes:Y2023:US:State                    365.08 USD
  Expenses:Taxes:Y2023:US:CityNYC                  174.92 USD
  Expenses:Taxes:Y2023:US:SDI                        1.12 USD
  Expenses:Taxes:Y2023:US:SocSec                   281.54 USD
  Assets:US:Hooli:Vacation                              5 VACHR
  Income:US:Hooli:Vacation                             -5 VACHR

2023-09-28 * "Hooli" "Payroll"
  Assets:US:BofA:Checking                         2550.60 USD
  Income:US:Hooli:Salary                         -4615.38 USD
  Income:US:Hooli:GroupTermLife                    -24.32 USD
  Expenses:Health:Life:GroupTermLife                24.32 USD
  Expenses:Health:Dental:Insurance                   2.90 USD
  Expenses:Health:Medical:Insurance                 27.38 USD
  Expenses:Health:Vision:Insurance                  42.30 USD
  Expenses:Taxes:Y2023:US:Medicare                 106.62 USD
  Expenses:Taxes:Y2023:US:Federal                 1062.92 USD
  Expenses:Taxes:Y2023:US:State                    365.08 USD
  Expenses:Taxes:Y2023:US:CityNYC                  174.92 USD
  Expenses:Taxes:Y2023:US:SDI                        1.12 USD
  Expenses:Taxes:Y2023:US:SocSec                   281.54 USD
  Assets:US:Hooli:Vacation                              5 VACHR
  Income:US:Hooli:Vacation                             -5 VACHR

2023-10-12 * "Hooli" "Payroll"
  Assets:US:BofA:Checking                         2550.60 USD
  Income:US:Hooli:Salary                         -4615.38 USD
  Income:US:Hooli:GroupTermLife                    -24.32 USD
  Expenses:Health:Life:GroupTermLife                24.32 USD
  Expenses:Health:Dental:Insurance                   2.90 USD
  Expenses:Health:Medical:Insurance                 27.38 USD
  Expenses:Health:Vision:Insurance                  42.30 USD
  Expenses:Taxes:Y2023:US:Medicare                 106.62 USD
  Expenses:Taxes:Y2023:US:Federal                 1062.92 USD
  Expenses:Taxes:Y2023:US:State                    365.08 USD
  Expenses:Taxes:Y2023:US:CityNYC                  174.92 USD
  Expenses:Taxes:Y2023:US:SDI                        1.12 USD
  Expenses:Taxes:Y2023:US:SocSec                   281.54 USD
  Assets:US:Hooli:Vacation                              5 VACHR
  Income:US:Hooli:Vacation                             -5 VACHR

2023-10-26 * "Hooli" "Payroll"
  Assets:US:BofA:Checking                         2550.60 USD
  Income:US:Hooli:Salary                         -4615.38 USD
  Income:US:Hooli:GroupTermLife                    -24.32 USD
  Expenses:Health:Life:GroupTermLife                24.32 USD
  Expenses:Health:Dental:Insurance                   2.90 USD
  Expenses:Health:Medical:Insurance                 27.38 USD
  Expenses:Health:Vision:Insurance                  42.30 USD
  Expenses:Taxes:Y2023:US:Medicare                 106.62 USD
  Expenses:Taxes:Y2023:US:Federal                 1062.92 USD
  Expenses:Taxes:Y2023:US:State                    365.08 USD
  Expenses:Taxes:Y2023:US:CityNYC                  174.92 USD
  Expenses:Taxes:Y2023:US:SDI                        1.12 USD
  Expenses:Taxes:Y2023:US:SocSec                   281.54 USD
  Assets:US:Hooli:Vacation                              5 VACHR
  Income:US:Hooli:Vacation                             -5 VACHR

2023-11-09 * "Hooli" "Payroll"
  Assets:US:BofA:Checking                         2550.60 USD
  Income:US:Hooli:Salary                         -4615.38 USD
  Income:US:Hooli:GroupTermLife                    -24.32 USD
  Expenses:Health:Life:GroupTermLife                24.32 USD
  Expenses:Health:Dental:Insurance                   2.90 USD
  Expenses:Health:Medical:Insurance                 27.38 USD
  Expenses:Health:Vision:Insurance                  42.30 USD
  Expenses:Taxes:Y2023:US:Medicare                 106.62 USD
  Expenses:Taxes:Y2023:US:Federal                 1062.92 USD
  Expenses:Taxes:Y2023:US:State                    365.08 USD
  Expenses:Taxes:Y2023:US:CityNYC                  174.92 USD
  Expenses:Taxes:Y2023:US:SDI                        1.12 USD
  Expenses:Taxes:Y2023:US:SocSec                   281.54 USD
  Assets:US:Hooli:Vacation                              5 VACHR
  Income:US:Hooli:Vacation                             -5 VACHR

2023-11-23 * "Hooli" "Payroll"
  Assets:US:BofA:Checking                         2550.60 USD
  Income:US:Hooli:Salary                         -4615.38 USD
  Income:US:Hooli:GroupTermLife                    -24.32 USD
  Expenses:Health:Life:GroupTermLife                24.32 USD
  Expenses:Health:Dental:Insurance                   2.90 USD
  Expenses:Health:Medical:Insurance                 27.38 USD
  Expenses:Health:Vision:Insurance                  42.30 USD
  Expenses:Taxes:Y2023:US:Medicare                 106.62 USD
  Expenses:Taxes:Y2023:US:Federal                 1062.92 USD
  Expenses:Taxes:Y2023:US:State                    365.08 USD
  Expenses:Taxes:Y2023:US:CityNYC                  174.92 USD
  Expenses:Taxes:Y2023:US:SDI                        1.12 USD
  Expenses:Taxes:Y2023:US:SocSec                   281.54 USD
  Assets:US:Hooli:Vacation                              5 VACHR
  Income:US:Hooli:Vacation                             -5 VACHR

2023-12-07 * "Hooli" "Payroll"
  Assets:US:BofA:Checking                         2589.06 USD
  Income:US:Hooli:Salary                         -4615.38 USD
  Income:US:Hooli:GroupTermLife                    -24.32 USD
  Expenses:Health:Life:GroupTermLife                24.32 USD
  Expenses:Health:Dental:Insurance                   2.90 USD
  Expenses:Health:Medical:Insurance                 27.38 USD
  Expenses:Health:Vision:Insurance                  42.30 USD
  Expenses:Taxes:Y2023:US:Medicare                 106.62 USD
  Expenses:Taxes:Y2023:US:Federal                 1062.92 USD
  Expenses:Taxes:Y2023:US:State                    365.08 USD
  Expenses:Taxes:Y2023:US:CityNYC                  174.92 USD
  Expenses:Taxes:Y2023:US:SDI                        1.12 USD
  Expenses:Taxes:Y2023:US:SocSec                   243.08 USD
  Assets:US:Hooli:Vacation                              5 VACHR
  Income:US:Hooli:Vacation                             -5 VACHR

2023-12-21 * "Hooli" "Payroll"
  Assets:US:BofA:Checking                         2832.14 USD
  Income:US:Hooli:Salary                         -4615.38 USD
  Income:US:Hooli:GroupTermLife                    -24.32 USD
  Expenses:Health:Life:GroupTermLife                24.32 USD
  Expenses:Health:Dental:Insurance                   2.90 USD
  Expenses:Health:Medical:Insurance                 27.38 USD
  Expenses:Health:Vision:Insurance                  42.30 USD
  Expenses:Taxes:Y2023:US:Medicare                 106.62 USD
  Expenses:Taxes:Y2023:US:Federal                 1062.92 USD
  Expenses:Taxes:Y2023:US:State                    365.08 USD
  Expenses:Taxes:Y2023:US:CityNYC                  174.92 USD
  Expenses:Taxes:Y2023:US:SDI                        1.12 USD
  Expenses:Taxes:Y2023:US:SocSec                     0.00 USD
  Assets:US:Hooli:Vacation                              5 VACHR
  Income:US:Hooli:Vacation                             -5 VACHR

2024-01-04 * "Hooli" "Payroll"
  Assets:US:BofA:Checking                         1350.60 USD
  Assets:US:Vanguard:Cash                         1200.00 USD
  Income:US:Hooli:Salary                         -4615.38 USD
  Income:US:Hooli:GroupTermLife                    -24.32 USD
  Expenses:Health:Life:GroupTermLife                24.32 USD
  Expenses:Health:Dental:Insurance                   2.90 USD
  Expenses:Health:Medical:Insurance                 27.38 USD
  Expenses:Health:Vision:Insurance                  42.30 USD
  Expenses:Taxes:Y2024:US:Medicare                 106.62 USD
  Expenses:Taxes:Y2024:US:Federal                 1062.92 USD
  Expenses:Taxes:Y2024:US:State                    365.08 USD
  Expenses:Taxes:Y2024:US:CityNYC                  174.92 USD
  Expenses:Taxes:Y2024:US:SDI                        1.12 USD
  Expenses:Taxes:Y2024:US:SocSec                   281.54 USD
  Assets:US:Federal:PreTax401k                   -1200.00 IRAUSD
  Expenses:Taxes:Y2024:US:Federal:PreTax401k      1200.00 IRAUSD
  Assets:US:Hooli:Vacation                              5 VACHR
  Income:US:Hooli:Vacation                             -5 VACHR

2024-01-18 * "Hooli" "Payroll"
  Assets:US:BofA:Checking                         1350.60 USD
  Assets:US:Vanguard:Cash                         1200.00 USD
  Income:US:Hooli:Salary                         -4615.38 USD
  Income:US:Hooli:GroupTermLife                    -24.32 USD
  Expenses:Health:Life:GroupTermLife                24.32 USD
  Expenses:Health:Dental:Insurance                   2.90 USD
  Expenses:Health:Medical:Insurance                 27.38 USD
  Expenses:Health:Vision:Insurance                  42.30 USD
  Expenses:Taxes:Y2024:US:Medicare                 106.62 USD
  Expenses:Taxes:Y2024:US:Federal                 1062.92 USD
  Expenses:Taxes:Y2024:US:State                    365.08 USD
  Expenses:Taxes:Y2024:US:CityNYC                  174.92 USD
  Expenses:Taxes:Y2024:US:SDI                        1.12 USD
  Expenses:Taxes:Y2024:US:SocSec                   281.54 USD
  Assets:US:Federal:PreTax401k                   -1200.00 IRAUSD
  Expenses:Taxes:Y2024:US:Federal:PreTax401k      1200.00 IRAUSD
  Assets:US:Hooli:Vacation                              5 VACHR
  Income:US:Hooli:Vacation                             -5 VACHR

2024-02-01 * "Hooli" "Payroll"
  Assets:US:BofA:Checking                         1350.60 USD
  Assets:US:Vanguard:Cash                         1200.00 USD
  Income:US:Hooli:Salary                         -4615.38 USD
  Income:US:Hooli:GroupTermLife                    -24.32 USD
  Expenses:Health:Life:GroupTermLife                24.32 USD
  Expenses:Health:Dental:Insurance                   2.90 USD
  Expenses:Health:Medical:Insurance                 27.38 USD
  Expenses:Health:Vision:Insurance                  42.30 USD
  Expenses:Taxes:Y2024:US:Medicare                 106.62 USD
  Expenses:Taxes:Y2024:US:Federal                 1062.92 USD
  Expenses:Taxes:Y2024:US:State                    365.08 USD
  Expenses:Taxes:Y2024:US:CityNYC                  174.92 USD
  Expenses:Taxes:Y2024:US:SDI                        1.12 USD
  Expenses:Taxes:Y2024:US:SocSec                   281.54 USD
  Assets:US:Federal:PreTax401k                   -1200.00 IRAUSD
  Expenses:Taxes:Y2024:US:Federal:PreTax401k      1200.00 IRAUSD
  Assets:US:Hooli:Vacation                              5 VACHR
  Income:US:Hooli:Vacation                             -5 VACHR

2024-02-15 * "Hooli" "Payroll"
  Assets:US:BofA:Checking                         1350.60 USD
  Assets:US:Vanguard:Cash                         1200.00 USD
  Income:US:Hooli:Salary                         -4615.38 USD
  Income:US:Hooli:GroupTermLife                    -24.32 USD
  Expenses:Health:Life:GroupTermLife                24.32 USD
  Expenses:Health:Dental:Insurance                   2.90 USD
  Expenses:Health:Medical:Insurance                 27.38 USD
  Expenses:Health:Vision:Insurance                  42.30 USD
  Expenses:Taxes:Y2024:US:Medicare                 106.62 USD
  Expenses:Taxes:Y2024:US:Federal                 1062.92 USD
  Expenses:Taxes:Y2024:US:State                    365.08 USD
  Expenses:Taxes:Y2024:US:CityNYC                  174.92 USD
  Expenses:Taxes:Y2024:US:SDI                        1.12 USD
  Expenses:Taxes:Y2024:US:SocSec                   281.54 USD
  Assets:US:Federal:PreTax401k                   -1200.00 IRAUSD
  Expenses:Taxes:Y2024:US:Federal:PreTax401k      1200.00 IRAUSD
  Assets:US:Hooli:Vacation                              5 VACHR
  Income:US:Hooli:Vacation                             -5 VACHR

2024-02-29 * "Hooli" "Payroll"
  Assets:US:BofA:Checking                         1350.60 USD
  Assets:US:Vanguard:Cash                         1200.00 USD
  Income:US:Hooli:Salary                         -4615.38 USD
  Income:US:Hooli:GroupTermLife                    -24.32 USD
  Expenses:Health:Life:GroupTermLife                24.32 USD
  Expenses:Health:Dental:Insurance                   2.90 USD
  Expenses:Health:Medical:Insurance                 27.38 USD
  Expenses:Health:Vision:Insurance                  42.30 USD
  Expenses:Taxes:Y2024:US:Medicare                 106.62 USD
  Expenses:Taxes:Y2024:US:Federal                 1062.92 USD
  Expenses:Taxes:Y2024:US:State                    365.08 USD
  Expenses:Taxes:Y2024:US:CityNYC                  174.92 USD
  Expenses:Taxes:Y2024:US:SDI                        1.12 USD
  Expenses:Taxes:Y2024:US:SocSec                   281.54 USD
  Assets:US:Federal:PreTax401k                   -1200.00 IRAUSD
  Expenses:Taxes:Y2024:US:Federal:PreTax401k      1200.00 IRAUSD
  Assets:US:Hooli:Vacation                              5 VACHR
  Income:US:Hooli:Vacation                             -5 VACHR

2024-03-14 * "Hooli" "Payroll"
  Assets:US:BofA:Checking                         1350.60 USD
  Assets:US:Vanguard:Cash                         1200.00 USD
  Income:US:Hooli:Salary                         -4615.38 USD
  Income:US:Hooli:GroupTermLife                    -24.32 USD
  Expenses:Health:Life:GroupTermLife                24.32 USD
  Expenses:Health:Dental:Insurance                   2.90 USD
  Expenses:Health:Medical:Insurance                 27.38 USD
  Expenses:Health:Vision:Insurance                  42.30 USD
  Expenses:Taxes:Y2024:US:Medicare                 106.62 USD
  Expenses:Taxes:Y2024:US:Federal                 1062.92 USD
  Expenses:Taxes:Y2024:US:State                    365.08 USD
  Expenses:Taxes:Y2024:US:CityNYC                  174.92 USD
  Expenses:Taxes:Y2024:US:SDI                        1.12 USD
  Expenses:Taxes:Y2024:US:SocSec                   281.54 USD
  Assets:US:Federal:PreTax401k                   -1200.00 IRAUSD
  Expenses:Taxes:Y2024:US:Federal:PreTax401k      1200.00 IRAUSD
  Assets:US:Hooli:Vacation                              5 VACHR
  Income:US:Hooli:Vacation                             -5 VACHR

2024-03-28 * "Hooli" "Payroll"
  Assets:US:BofA:Checking                         1350.60 USD
  Assets:US:Vanguard:Cash                         1200.00 USD
  Income:US:Hooli:Salary                         -4615.38 USD
  Income:US:Hooli:GroupTermLife                    -24.32 USD
  Expenses:Health:Life:GroupTermLife                24.32 USD
  Expenses:Health:Dental:Insurance                   2.90 USD
  Expenses:Health:Medical:Insurance                 27.38 USD
  Expenses:Health:Vision:Insurance                  42.30 USD
  Expenses:Taxes:Y2024:US:Medicare                 106.62 USD
  Expenses:Taxes:Y2024:US:Federal                 1062.92 USD
  Expenses:Taxes:Y2024:US:State                    365.08 USD
  Expenses:Taxes:Y2024:US:CityNYC                  174.92 USD
  Expenses:Taxes:Y2024:US:SDI                        1.12 USD
  Expenses:Taxes:Y2024:US:SocSec                   281.54 USD
  Assets:US:Federal:PreTax401k                   -1200.00 IRAUSD
  Expenses:Taxes:Y2024:US:Federal:PreTax401k      1200.00 IRAUSD
  Assets:US:Hooli:Vacation                              5 VACHR
  Income:US:Hooli:Vacation                             -5 VACHR

2024-04-11 * "Hooli" "Payroll"
  Assets:US:BofA:Checking                         1350.60 USD
  Assets:US:Vanguard:Cash                         1200.00 USD
  Income:US:Hooli:Salary                         -4615.38 USD
  Income:US:Hooli:GroupTermLife                    -24.32 USD
  Expenses:Health:Life:GroupTermLife                24.32 USD
  Expenses:Health:Dental:Insurance                   2.90 USD
  Expenses:Health:Medical:Insurance                 27.38 USD
  Expenses:Health:Vision:Insurance                  42.30 USD
  Expenses:Taxes:Y2024:US:Medicare                 106.62 USD
  Expenses:Taxes:Y2024:US:Federal                 1062.92 USD
  Expenses:Taxes:Y2024:US:State                    365.08 USD
  Expenses:Taxes:Y2024:US:CityNYC                  174.92 USD
  Expenses:Taxes:Y2024:US:SDI                        1.12 USD
  Expenses:Taxes:Y2024:US:SocSec                   281.54 USD
  Assets:US:Federal:PreTax401k                   -1200.00 IRAUSD
  Expenses:Taxes:Y2024:US:Federal:PreTax401k      1200.00 IRAUSD
  Assets:US:Hooli:Vacation                              5 VACHR
  Income:US:Hooli:Vacation                             -5 VACHR

2024-04-25 * "Hooli" "Payroll"
  Assets:US:BofA:Checking                         1350.60 USD
  Assets:US:Vanguard:Cash                         1200.00 USD
  Income:US:Hooli:Salary                         -4615.38 USD
  Income:US:Hooli:GroupTermLife                    -24.32 USD
  Expenses:Health:Life:GroupTermLife                24.32 USD
  Expenses:Health:Dental:Insurance                   2.90 USD
  Expenses:Health:Medical:Insurance                 27.38 USD
  Expenses:Health:Vision:Insurance                  42.30 USD
  Expenses:Taxes:Y2024:US:Medicare                 106.62 USD
  Expenses:Taxes:Y2024:US:Federal                 1062.92 USD
  Expenses:Taxes:Y2024:US:State                    365.08 USD
  Expenses:Taxes:Y2024:US:CityNYC                  174.92 USD
  Expenses:Taxes:Y2024:US:SDI                        1.12 USD
  Expenses:Taxes:Y2024:US:SocSec                   281.54 USD
  Assets:US:Federal:PreTax401k                   -1200.00 IRAUSD
  Expenses:Taxes:Y2024:US:Federal:PreTax401k      1200.00 IRAUSD
  Assets:US:Hooli:Vacation                              5 VACHR
  Income:US:Hooli:Vacation                             -5 VACHR

2024-05-09 * "Hooli" "Payroll"
  Assets:US:BofA:Checking                         1350.60 USD
  Assets:US:Vanguard:Cash                         1200.00 USD
  Income:US:Hooli:Salary                         -4615.38 USD
  Income:US:Hooli:GroupTermLife                    -24.32 USD
  Expenses:Health:Life:GroupTermLife                24.32 USD
  Expenses:Health:Dental:Insurance                   2.90 USD
  Expenses:Health:Medical:Insurance                 27.38 USD
  Expenses:Health:Vision:Insurance                  42.30 USD
  Expenses:Taxes:Y2024:US:Medicare                 106.62 USD
  Expenses:Taxes:Y2024:US:Federal                 1062.92 USD
  Expenses:Taxes:Y2024:US:State                    365.08 USD
  Expenses:Taxes:Y2024:US:CityNYC                  174.92 USD
  Expenses:Taxes:Y2024:US:SDI                        1.12 USD
  Expenses:Taxes:Y2024:US:SocSec                   281.54 USD
  Assets:US:Federal:PreTax401k                   -1200.00 IRAUSD
  Expenses:Taxes:Y2024:US:Federal:PreTax401k      1200.00 IRAUSD
  Assets:US:Hooli:Vacation                              5 VACHR
  Income:US:Hooli:Vacation                             -5 VACHR

2024-05-23 * "Hooli" "Payroll"
  Assets:US:BofA:Checking                         1350.60 USD
  Assets:US:Vanguard:Cash                         1200.00 USD
  Income:US:Hooli:Salary                         -4615.38 USD
  Income:US:Hooli:GroupTermLife                    -24.32 USD
  Expenses:Health:Life:GroupTermLife                24.32 USD
  Expenses:Health:Dental:Insurance                   2.90 USD
  Expenses:Health:Medical:Insurance                 27.38 USD
  Expenses:Health:Vision:Insurance                  42.30 USD
  Expenses:Taxes:Y2024:US:Medicare                 106.62 USD
  Expenses:Taxes:Y2024:US:Federal                 1062.92 USD
  Expenses:Taxes:Y2024:US:State                    365.08 USD
  Expenses:Taxes:Y2024:US:CityNYC                  174.92 USD
  Expenses:Taxes:Y2024:US:SDI                        1.12 USD
  Expenses:Taxes:Y2024:US:SocSec                   281.54 USD
  Assets:US:Federal:PreTax401k                   -1200.00 IRAUSD
  Expenses:Taxes:Y2024:US:Federal:PreTax401k      1200.00 IRAUSD
  Assets:US:Hooli:Vacation                              5 VACHR
  Income:US:Hooli:Vacation                             -5 VACHR

2024-06-06 * "Hooli" "Payroll"
  Assets:US:BofA:Checking                         1350.60 USD
  Assets:US:Vanguard:Cash                         1200.00 USD
  Income:US:Hooli:Salary                         -4615.38 USD
  Income:US:Hooli:GroupTermLife                    -24.32 USD
  Expenses:Health:Life:GroupTermLife                24.32 USD
  Expenses:Health:Dental:Insurance                   2.90 USD
  Expenses:Health:Medical:Insurance                 27.38 USD
  Expenses:Health:Vision:Insurance                  42.30 USD
  Expenses:Taxes:Y2024:US:Medicare                 106.62 USD
  Expenses:Taxes:Y2024:US:Federal                 1062.92 USD
  Expenses:Taxes:Y2024:US:State                    365.08 USD
  Expenses:Taxes:Y2024:US:CityNYC                  174.92 USD
  Expenses:Taxes:Y2024:US:SDI                        1.12 USD
  Expenses:Taxes:Y2024:US:SocSec                   281.54 USD
  Assets:US:Federal:PreTax401k                   -1200.00 IRAUSD
  Expenses:Taxes:Y2024:US:Federal:PreTax401k      1200.00 IRAUSD
  Assets:US:Hooli:Vacation                              5 VACHR
  Income:US:Hooli:Vacation                             -5 VACHR

2024-06-20 * "Hooli" "Payroll"
  Assets:US:BofA:Checking                         1350.60 USD
  Assets:US:Vanguard:Cash                         1200.00 USD
  Income:US:Hooli:Salary                         -4615.38 USD
  Income:US:Hooli:GroupTermLife                    -24.32 USD
  Expenses:Health:Life:GroupTermLife                24.32 USD
  Expenses:Health:Dental:Insurance                   2.90 USD
  Expenses:Health:Medical:Insurance                 27.38 USD
  Expenses:Health:Vision:Insurance                  42.30 USD
  Expenses:Taxes:Y2024:US:Medicare                 106.62 USD
  Expenses:Taxes:Y2024:US:Federal                 1062.92 USD
  Expenses:Taxes:Y2024:US:State                    365.08 USD
  Expenses:Taxes:Y2024:US:CityNYC                  174.92 USD
  Expenses:Taxes:Y2024:US:SDI                        1.12 USD
  Expenses:Taxes:Y2024:US:SocSec                   281.54 USD
  Assets:US:Federal:PreTax401k                   -1200.00 IRAUSD
  Expenses:Taxes:Y2024:US:Federal:PreTax401k      1200.00 IRAUSD
  Assets:US:Hooli:Vacation                              5 VACHR
  Income:US:Hooli:Vacation                             -5 VACHR

2024-07-04 * "Hooli" "Payroll"
  Assets:US:BofA:Checking                         1350.60 USD
  Assets:US:Vanguard:Cash                         1200.00 USD
  Income:US:Hooli:Salary                         -4615.38 USD
  Income:US:Hooli:GroupTermLife                    -24.32 USD
  Expenses:Health:Life:GroupTermLife                24.32 USD
  Expenses:Health:Dental:Insurance                   2.90 USD
  Expenses:Health:Medical:Insurance                 27.38 USD
  Expenses:Health:Vision:Insurance                  42.30 USD
  Expenses:Taxes:Y2024:US:Medicare                 106.62 USD
  Expenses:Taxes:Y2024:US:Federal                 1062.92 USD
  Expenses:Taxes:Y2024:US:State                    365.08 USD
  Expenses:Taxes:Y2024:US:CityNYC                  174.92 USD
  Expenses:Taxes:Y2024:US:SDI                        1.12 USD
  Expenses:Taxes:Y2024:US:SocSec                   281.54 USD
  Assets:US:Federal:PreTax401k                   -1200.00 IRAUSD
  Expenses:Taxes:Y2024:US:Federal:PreTax401k      1200.00 IRAUSD
  Assets:US:Hooli:Vacation                              5 VACHR
  Income:US:Hooli:Vacation                             -5 VACHR

2024-07-18 * "Hooli" "Payroll"
  Assets:US:BofA:Checking                         1350.60 USD
  Assets:US:Vanguard:Cash                         1200.00 USD
  Income:US:Hooli:Salary                         -4615.38 USD
  Income:US:Hooli:GroupTermLife                    -24.32 USD
  Expenses:Health:Life:GroupTermLife                24.32 USD
  Expenses:Health:Dental:Insurance                   2.90 USD
  Expenses:Health:Medical:Insurance                 27.38 USD
  Expenses:Health:Vision:Insurance                  42.30 USD
  Expenses:Taxes:Y2024:US:Medicare                 106.62 USD
  Expenses:Taxes:Y2024:US:Federal                 1062.92 USD
  Expenses:Taxes:Y2024:US:State                    365.08 USD
  Expenses:Taxes:Y2024:US:CityNYC                  174.92 USD
  Expenses:Taxes:Y2024:US:SDI                        1.12 USD
  Expenses:Taxes:Y2024:US:SocSec                   281.54 USD
  Assets:US:Federal:PreTax401k                   -1200.00 IRAUSD
  Expenses:Taxes:Y2024:US:Federal:PreTax401k      1200.00 IRAUSD
  Assets:US:Hooli:Vacation                              5 VACHR
  Income:US:Hooli:Vacation                             -5 VACHR

2024-08-01 * "Hooli" "Payroll"
  Assets:US:BofA:Checking                         2050.60 USD
  Assets:US:Vanguard:Cash                          500.00 USD
  Income:US:Hooli:Salary                         -4615.38 USD
  Income:US:Hooli:GroupTermLife                    -24.32 USD
  Expenses:Health:Life:GroupTermLife                24.32 USD
  Expenses:Health:Dental:Insurance                   2.90 USD
  Expenses:Health:Medical:Insurance                 27.38 USD
  Expenses:Health:Vision:Insurance                  42.30 USD
  Expenses:Taxes:Y2024:US:Medicare                 106.62 USD
  Expenses:Taxes:Y2024:US:Federal                 1062.92 USD
  Expenses:Taxes:Y2024:US:State                    365.08 USD
  Expenses:Taxes:Y2024:US:CityNYC                  174.92 USD
  Expenses:Taxes:Y2024:US:SDI                        1.12 USD
  Expenses:Taxes:Y2024:US:SocSec                   281.54 USD
  Assets:US:Federal:PreTax401k                    -500.00 IRAUSD
  Expenses:Taxes:Y2024:US:Federal:PreTax401k       500.00 IRAUSD
  Assets:US:Hooli:Vacation                              5 VACHR
  Income:US:Hooli:Vacation                             -5 VACHR

2024-08-15 * "Hooli" "Payroll"
  Assets:US:BofA:Checking                         2550.60 USD
  Income:US:Hooli:Salary                         -4615.38 USD
  Income:US:Hooli:GroupTermLife                    -24.32 USD
  Expenses:Health:Life:GroupTermLife                24.32 USD
  Expenses:Health:Dental:Insurance                   2.90 USD
  Expenses:Health:Medical:Insurance                 27.38 USD
  Expenses:Health:Vision:Insurance                  42.30 USD
  Expenses:Taxes:Y2024:US:Medicare                 106.62 USD
  Expenses:Taxes:Y2024:US:Federal                 1062.92 USD
  Expenses:Taxes:Y2024:US:State                    365.08 USD
  Expenses:Taxes:Y2024:US:CityNYC                  174.92 USD
  Expenses:Taxes:Y2024:US:SDI                        1.12 USD
  Expenses:Taxes:Y2024:US:SocSec                   281.54 USD
  Assets:US:Hooli:Vacation                              5 VACHR
  Income:US:Hooli:Vacation                             -5 VACHR

2024-08-29 * "Hooli" "Payroll"
  Assets:US:BofA:Checking                         2550.60 USD
  Income:US:Hooli:Salary                         -4615.38 USD
  Income:US:Hooli:GroupTermLife                    -24.32 USD
  Expenses:Health:Life:GroupTermLife                24.32 USD
  Expenses:Health:Dental:Insurance                   2.90 USD
  Expenses:Health:Medical:Insurance                 27.38 USD
  Expenses:Health:Vision:Insurance                  42.30 USD
  Expenses:Taxes:Y2024:US:Medicare                 106.62 USD
  Expenses:Taxes:Y2024:US:Federal                 1062.92 USD
  Expenses:Taxes:Y2024:US:State                    365.08 USD
  Expenses:Taxes:Y2024:US:CityNYC                  174.92 USD
  Expenses:Taxes:Y2024:US:SDI                        1.12 USD
  Expenses:Taxes:Y2024:US:SocSec                   281.54 USD
  Assets:US:Hooli:Vacation                              5 VACHR
  Income:US:Hooli:Vacation                             -5 VACHR

2024-09-12 * "Hooli" "Payroll"
  Assets:US:BofA:Checking                         2550.60 USD
  Income:US:Hooli:Salary                         -4615.38 USD
  Income:US:Hooli:GroupTermLife                    -24.32 USD
  Expenses:Health:Life:GroupTermLife                24.32 USD
  Expenses:Health:Dental:Insurance                   2.90 USD
  Expenses:Health:Medical:Insurance                 27.38 USD
  Expenses:Health:Vision:Insurance                  42.30 USD
  Expenses:Taxes:Y2024:US:Medicare                 106.62 USD
  Expenses:Taxes:Y2024:US:Federal                 1062.92 USD
  Expenses:Taxes:Y2024:US:State                    365.08 USD
  Expenses:Taxes:Y2024:US:CityNYC                  174.92 USD
  Expenses:Taxes:Y2024:US:SDI                        1.12 USD
  Expenses:Taxes:Y2024:US:SocSec                   281.54 USD
  Assets:US:Hooli:Vacation                              5 VACHR
  Income:US:Hooli:Vacation                             -5 VACHR

2024-09-26 * "Hooli" "Payroll"
  Assets:US:BofA:Checking                         2550.60 USD
  Income:US:Hooli:Salary                         -4615.38 USD
  Income:US:Hooli:GroupTermLife                    -24.32 USD
  Expenses:Health:Life:GroupTermLife                24.32 USD
  Expenses:Health:Dental:Insurance                   2.90 USD
  Expenses:Health:Medical:Insurance                 27.38 USD
  Expenses:Health:Vision:Insurance                  42.30 USD
  Expenses:Taxes:Y2024:US:Medicare                 106.62 USD
  Expenses:Taxes:Y2024:US:Federal                 1062.92 USD
  Expenses:Taxes:Y2024:US:State                    365.08 USD
  Expenses:Taxes:Y2024:US:CityNYC                  174.92 USD
  Expenses:Taxes:Y2024:US:SDI                        1.12 USD
  Expenses:Taxes:Y2024:US:SocSec                   281.54 USD
  Assets:US:Hooli:Vacation                              5 VACHR
  Income:US:Hooli:Vacation                             -5 VACHR

2024-10-10 * "Hooli" "Payroll"
  Assets:US:BofA:Checking                         2550.60 USD
  Income:US:Hooli:Salary                         -4615.38 USD
  Income:US:Hooli:GroupTermLife                    -24.32 USD
  Expenses:Health:Life:GroupTermLife                24.32 USD
  Expenses:Health:Dental:Insurance                   2.90 USD
  Expenses:Health:Medical:Insurance                 27.38 USD
  Expenses:Health:Vision:Insurance                  42.30 USD
  Expenses:Taxes:Y2024:US:Medicare                 106.62 USD
  Expenses:Taxes:Y2024:US:Federal                 1062.92 USD
  Expenses:Taxes:Y2024:US:State                    365.08 USD
  Expenses:Taxes:Y2024:US:CityNYC                  174.92 USD
  Expenses:Taxes:Y2024:US:SDI                        1.12 USD
  Expenses:Taxes:Y2024:US:SocSec                   281.54 USD
  Assets:US:Hooli:Vacation                              5 VACHR
  Income:US:Hooli:Vacation                             -5 VACHR

2024-10-24 * "Hooli" "Payroll"
  Assets:US:BofA:Checking                         2550.60 USD
  Income:US:Hooli:Salary                         -4615.38 USD
  Income:US:Hooli:GroupTermLife                    -24.32 USD
  Expenses:Health:Life:GroupTermLife                24.32 USD
  Expenses:Health:Dental:Insurance                   2.90 USD
  Expenses:Health:Medical:Insurance                 27.38 USD
  Expenses:Health:Vision:Insurance                  42.30 USD
  Expenses:Taxes:Y2024:US:Medicare                 106.62 USD
  Expenses:Taxes:Y2024:US:Federal                 1062.92 USD
  Expenses:Taxes:Y2024:US:State                    365.08 USD
  Expenses:Taxes:Y2024:US:CityNYC                  174.92 USD
  Expenses:Taxes:Y2024:US:SDI                        1.12 USD
  Expenses:Taxes:Y2024:US:SocSec                   281.54 USD
  Assets:US:Hooli:Vacation                              5 VACHR
  Income:US:Hooli:Vacation                             -5 VACHR

2024-11-07 * "Hooli" "Payroll"
  Assets:US:BofA:Checking                         2550.60 USD
  Income:US:Hooli:Salary                         -4615.38 USD
  Income:US:Hooli:GroupTermLife                    -24.32 USD
  Expenses:Health:Life:GroupTermLife                24.32 USD
  Expenses:Health:Dental:Insurance                   2.90 USD
  Expenses:Health:Medical:Insurance                 27.38 USD
  Expenses:Health:Vision:Insurance                  42.30 USD
  Expenses:Taxes:Y2024:US:Medicare                 106.62 USD
  Expenses:Taxes:Y2024:US:Federal                 1062.92 USD
  Expenses:Taxes:Y2024:US:State                    365.08 USD
  Expenses:Taxes:Y2024:US:CityNYC                  174.92 USD
  Expenses:Taxes:Y2024:US:SDI                        1.12 USD
  Expenses:Taxes:Y2024:US:SocSec                   281.54 USD
  Assets:US:Hooli:Vacation                              5 VACHR
  Income:US:Hooli:Vacation                             -5 VACHR

2024-11-21 * "Hooli" "Payroll"
  Assets:US:BofA:Checking                         2550.60 USD
  Income:US:Hooli:Salary                         -4615.38 USD
  Income:US:Hooli:GroupTermLife                    -24.32 USD
  Expenses:Health:Life:GroupTermLife                24.32 USD
  Expenses:Health:Dental:Insurance                   2.90 USD
  Expenses:Health:Medical:Insurance                 27.38 USD
  Expenses:Health:Vision:Insurance                  42.30 USD
  Expenses:Taxes:Y2024:US:Medicare                 106.62 USD
  Expenses:Taxes:Y2024:US:Federal                 1062.92 USD
  Expenses:Taxes:Y2024:US:State                    365.08 USD
  Expenses:Taxes:Y2024:US:CityNYC                  174.92 USD
  Expenses:Taxes:Y2024:US:SDI                        1.12 USD
  Expenses:Taxes:Y2024:US:SocSec                   281.54 USD
  Assets:US:Hooli:Vacation                              5 VACHR
  Income:US:Hooli:Vacation                             -5 VACHR

2024-12-05 * "Hooli" "Payroll"
  Assets:US:BofA:Checking                         2589.06 USD
  Income:US:Hooli:Salary                         -4615.38 USD
  Income:US:Hooli:GroupTermLife                    -24.32 USD
  Expenses:Health:Life:GroupTermLife                24.32 USD
  Expenses:Health:Dental:Insurance                   2.90 USD
  Expenses:Health:Medical:Insurance                 27.38 USD
  Expenses:Health:Vision:Insurance                  42.30 USD
  Expenses:Taxes:Y2024:US:Medicare                 106.62 USD
  Expenses:Taxes:Y2024:US:Federal                 1062.92 USD
  Expenses:Taxes:Y2024:US:State                    365.08 USD
  Expenses:Taxes:Y2024:US:CityNYC                  174.92 USD
  Expenses:Taxes:Y2024:US:SDI                        1.12 USD
  Expenses:Taxes:Y2024:US:SocSec                   243.08 USD
  Assets:US:Hooli:Vacation                              5 VACHR
  Income:US:Hooli:Vacation                             -5 VACHR

2024-12-19 * "Hooli" "Payroll"
  Assets:US:BofA:Checking                         2832.14 USD
  Income:US:Hooli:Salary                         -4615.38 USD
  Income:US:Hooli:GroupTermLife                    -24.32 USD
  Expenses:Health:Life:GroupTermLife                24.32 USD
  Expenses:Health:Dental:Insurance                   2.90 USD
  Expenses:Health:Medical:Insurance                 27.38 USD
  Expenses:Health:Vision:Insurance                  42.30 USD
  Expenses:Taxes:Y2024:US:Medicare                 106.62 USD
  Expenses:Taxes:Y2024:US:Federal                 1062.92 USD
  Expenses:Taxes:Y2024:US:State                    365.08 USD
  Expenses:Taxes:Y2024:US:CityNYC                  174.92 USD
  Expenses:Taxes:Y2024:US:SDI                        1.12 USD
  Expenses:Taxes:Y2024:US:SocSec                     0.00 USD
  Assets:US:Hooli:Vacation                              5 VACHR
  Income:US:Hooli:Vacation                             -5 VACHR

2025-01-02 * "Hooli" "Payroll"
  Assets:US:BofA:Checking                         1350.60 USD
  Assets:US:Vanguard:Cash                         1200.00 USD
  Income:US:Hooli:Salary                         -4615.38 USD
  Income:US:Hooli:GroupTermLife                    -24.32 USD
  Expenses:Health:Life:GroupTermLife                24.32 USD
  Expenses:Health:Dental:Insurance                   2.90 USD
  Expenses:Health:Medical:Insurance                 27.38 USD
  Expenses:Health:Vision:Insurance                  42.30 USD
  Expenses:Taxes:Y2025:US:Medicare                 106.62 USD
  Expenses:Taxes:Y2025:US:Federal                 1062.92 USD
  Expenses:Taxes:Y2025:US:State                    365.08 USD
  Expenses:Taxes:Y2025:US:CityNYC                  174.92 USD
  Expenses:Taxes:Y2025:US:SDI                        1.12 USD
  Expenses:Taxes:Y2025:US:SocSec                   281.54 USD
  Assets:US:Federal:PreTax401k                   -1200.00 IRAUSD
  Expenses:Taxes:Y2025:US:Federal:PreTax401k      1200.00 IRAUSD
  Assets:US:Hooli:Vacation                              5 VACHR
  Income:US:Hooli:Vacation                             -5 VACHR

2025-01-16 * "Hooli" "Payroll"
  Assets:US:BofA:Checking                         1350.60 USD
  Assets:US:Vanguard:Cash                         1200.00 USD
  Income:US:Hooli:Salary                         -4615.38 USD
  Income:US:Hooli:GroupTermLife                    -24.32 USD
  Expenses:Health:Life:GroupTermLife                24.32 USD
  Expenses:Health:Dental:Insurance                   2.90 USD
  Expenses:Health:Medical:Insurance                 27.38 USD
  Expenses:Health:Vision:Insurance                  42.30 USD
  Expenses:Taxes:Y2025:US:Medicare                 106.62 USD
  Expenses:Taxes:Y2025:US:Federal                 1062.92 USD
  Expenses:Taxes:Y2025:US:State                    365.08 USD
  Expenses:Taxes:Y2025:US:CityNYC                  174.92 USD
  Expenses:Taxes:Y2025:US:SDI                        1.12 USD
  Expenses:Taxes:Y2025:US:SocSec                   281.54 USD
  Assets:US:Federal:PreTax401k                   -1200.00 IRAUSD
  Expenses:Taxes:Y2025:US:Federal:PreTax401k      1200.00 IRAUSD
  Assets:US:Hooli:Vacation                              5 VACHR
  Income:US:Hooli:Vacation                             -5 VACHR

2025-01-30 * "Hooli" "Payroll"
  Assets:US:BofA:Checking                         1350.60 USD
  Assets:US:Vanguard:Cash                         1200.00 USD
  Income:US:Hooli:Salary                         -4615.38 USD
  Income:US:Hooli:GroupTermLife                    -24.32 USD
  Expenses:Health:Life:GroupTermLife                24.32 USD
  Expenses:Health:Dental:Insurance                   2.90 USD
  Expenses:Health:Medical:Insurance                 27.38 USD
  Expenses:Health:Vision:Insurance                  42.30 USD
  Expenses:Taxes:Y2025:US:Medicare                 106.62 USD
  Expenses:Taxes:Y2025:US:Federal                 1062.92 USD
  Expenses:Taxes:Y2025:US:State                    365.08 USD
  Expenses:Taxes:Y2025:US:CityNYC                  174.92 USD
  Expenses:Taxes:Y2025:US:SDI                        1.12 USD
  Expenses:Taxes:Y2025:US:SocSec                   281.54 USD
  Assets:US:Federal:PreTax401k                   -1200.00 IRAUSD
  Expenses:Taxes:Y2025:US:Federal:PreTax401k      1200.00 IRAUSD
  Assets:US:Hooli:Vacation                              5 VACHR
  Income:US:Hooli:Vacation                             -5 VACHR

2025-02-13 * "Hooli" "Payroll"
  Assets:US:BofA:Checking                         1350.60 USD
  Assets:US:Vanguard:Cash                         1200.00 USD
  Income:US:Hooli:Salary                         -4615.38 USD
  Income:US:Hooli:GroupTermLife                    -24.32 USD
  Expenses:Health:Life:GroupTermLife                24.32 USD
  Expenses:Health:Dental:Insurance                   2.90 USD
  Expenses:Health:Medical:Insurance                 27.38 USD
  Expenses:Health:Vision:Insurance                  42.30 USD
  Expenses:Taxes:Y2025:US:Medicare                 106.62 USD
  Expenses:Taxes:Y2025:US:Federal                 1062.92 USD
  Expenses:Taxes:Y2025:US:State                    365.08 USD
  Expenses:Taxes:Y2025:US:CityNYC                  174.92 USD
  Expenses:Taxes:Y2025:US:SDI                        1.12 USD
  Expenses:Taxes:Y2025:US:SocSec                   281.54 USD
  Assets:US:Federal:PreTax401k                   -1200.00 IRAUSD
  Expenses:Taxes:Y2025:US:Federal:PreTax401k      1200.00 IRAUSD
  Assets:US:Hooli:Vacation                              5 VACHR
  Income:US:Hooli:Vacation                             -5 VACHR

2025-02-27 * "Hooli" "Payroll"
  Assets:US:BofA:Checking                         1350.60 USD
  Assets:US:Vanguard:Cash                         1200.00 USD
  Income:US:Hooli:Salary                         -4615.38 USD
  Income:US:Hooli:GroupTermLife                    -24.32 USD
  Expenses:Health:Life:GroupTermLife                24.32 USD
  Expenses:Health:Dental:Insurance                   2.90 USD
  Expenses:Health:Medical:Insurance                 27.38 USD
  Expenses:Health:Vision:Insurance                  42.30 USD
  Expenses:Taxes:Y2025:US:Medicare                 106.62 USD
  Expenses:Taxes:Y2025:US:Federal                 1062.92 USD
  Expenses:Taxes:Y2025:US:State                    365.08 USD
  Expenses:Taxes:Y2025:US:CityNYC                  174.92 USD
  Expenses:Taxes:Y2025:US:SDI                        1.12 USD
  Expenses:Taxes:Y2025:US:SocSec                   281.54 USD
  Assets:US:Federal:PreTax401k                   -1200.00 IRAUSD
  Expenses:Taxes:Y2025:US:Federal:PreTax401k      1200.00 IRAUSD
  Assets:US:Hooli:Vacation                              5 VACHR
  Income:US:Hooli:Vacation                             -5 VACHR

2025-03-13 * "Hooli" "Payroll"
  Assets:US:BofA:Checking                         1350.60 USD
  Assets:US:Vanguard:Cash                         1200.00 USD
  Income:US:Hooli:Salary                         -4615.38 USD
  Income:US:Hooli:GroupTermLife                    -24.32 USD
  Expenses:Health:Life:GroupTermLife                24.32 USD
  Expenses:Health:Dental:Insurance                   2.90 USD
  Expenses:Health:Medical:Insurance                 27.38 USD
  Expenses:Health:Vision:Insurance                  42.30 USD
  Expenses:Taxes:Y2025:US:Medicare                 106.62 USD
  Expenses:Taxes:Y2025:US:Federal                 1062.92 USD
  Expenses:Taxes:Y2025:US:State                    365.08 USD
  Expenses:Taxes:Y2025:US:CityNYC                  174.92 USD
  Expenses:Taxes:Y2025:US:SDI                        1.12 USD
  Expenses:Taxes:Y2025:US:SocSec                   281.54 USD
  Assets:US:Federal:PreTax401k                   -1200.00 IRAUSD
  Expenses:Taxes:Y2025:US:Federal:PreTax401k      1200.00 IRAUSD
  Assets:US:Hooli:Vacation                              5 VACHR
  Income:US:Hooli:Vacation                             -5 VACHR

2025-03-27 * "Hooli" "Payroll"
  Assets:US:BofA:Checking                         1350.60 USD
  Assets:US:Vanguard:Cash                         1200.00 USD
  Income:US:Hooli:Salary                         -4615.38 USD
  Income:US:Hooli:GroupTermLife                    -24.32 USD
  Expenses:Health:Life:GroupTermLife                24.32 USD
  Expenses:Health:Dental:Insurance                   2.90 USD
  Expenses:Health:Medical:Insurance                 27.38 USD
  Expenses:Health:Vision:Insurance                  42.30 USD
  Expenses:Taxes:Y2025:US:Medicare                 106.62 USD
  Expenses:Taxes:Y2025:US:Federal                 1062.92 USD
  Expenses:Taxes:Y2025:US:State                    365.08 USD
  Expenses:Taxes:Y2025:US:CityNYC                  174.92 USD
  Expenses:Taxes:Y2025:US:SDI                        1.12 USD
  Expenses:Taxes:Y2025:US:SocSec                   281.54 USD
  Assets:US:Federal:PreTax401k                   -1200.00 IRAUSD
  Expenses:Taxes:Y2025:US:Federal:PreTax401k      1200.00 IRAUSD
  Assets:US:Hooli:Vacation                              5 VACHR
  Income:US:Hooli:Vacation                             -5 VACHR



* Taxes

1980-05-12 open Income:US:Federal:PreTax401k                    IRAUSD
1980-05-12 open Assets:US:Federal:PreTax401k                    IRAUSD



** Tax Year 2023

2023-01-01 open Expenses:Taxes:Y2023:US:Federal:PreTax401k      IRAUSD
2023-01-01 open Expenses:Taxes:Y2023:US:Medicare                USD
2023-01-01 open Expenses:Taxes:Y2023:US:Federal                 USD
2023-01-01 open Expenses:Taxes:Y2023:US:CityNYC                 USD
2023-01-01 open Expenses:Taxes:Y2023:US:SDI                     USD
2023-01-01 open Expenses:Taxes:Y2023:US:State                   USD
2023-01-01 open Expenses:Taxes:Y2023:US:SocSec                  USD

2023-01-01 balance Assets:US:Federal:PreTax401k         0 IRAUSD

2023-01-01 * "Allowed contributions for one year"
  Income:US:Federal:PreTax401k                     -18500 IRAUSD
  Assets:US:Federal:PreTax401k                      18500 IRAUSD

2024-03-21 * "Filing taxes for 2023"
  Expenses:Taxes:Y2023:US:Federal                  306.90 USD
  Expenses:Taxes:Y2023:US:State                    446.10 USD
  Liabilities:AccountsPayable                     -753.00 USD

2024-03-21 * "FEDERAL TAXPYMT"
  Assets:US:BofA:Checking                         -306.90 USD
  Liabilities:AccountsPayable                      306.90 USD

2024-03-23 * "STATE TAX & FINANC PYMT"
  Assets:US:BofA:Checking                         -446.10 USD
  Liabilities:AccountsPayable                      446.10 USD



** Tax Year 2024

2024-01-01 open Expenses:Taxes:Y2024:US:Federal:PreTax401k      IRAUSD
2024-01-01 open Expenses:Taxes:Y2024:US:Medicare                USD
2024-01-01 open Expenses:Taxes:Y2024:US:Federal                 USD
2024-01-01 open Expenses:Taxes:Y2024:US:CityNYC                 USD
2024-01-01 open Expenses:Taxes:Y2024:US:SDI                     USD
2024-01-01 open Expenses:Taxes:Y2024:US:State                   USD
2024-01-01 open Expenses:Taxes:Y2024:US:SocSec                  USD

2024-01-01 balance Assets:US:Federal:PreTax401k         0 IRAUSD

2024-01-01 * "Allowed contributions for one year"
  Income:US:Federal:PreTax401k                     -18500 IRAUSD
  Assets:US:Federal:PreTax401k                      18500 IRAUSD

2025-03-22 * "Filing taxes for 2024"
  Expenses:Taxes:Y2024:US:Federal                  671.88 USD
  Expenses:Taxes:Y2024:US:State                    371.20 USD
  Liabilities:AccountsPayable                    -1043.08 USD

2025-03-22 * "FEDERAL TAXPYMT"
  Assets:US:BofA:Checking                         -671.88 USD
  Liabilities:AccountsPayable                      671.88 USD

2025-03-23 * "STATE TAX & FINANC PYMT"
  Assets:US:BofA:Checking                         -371.20 USD
  Liabilities:AccountsPayable                      371.20 USD



** Tax Year 2025

2025-01-01 open Expenses:Taxes:Y2025:US:Federal:PreTax401k      IRAUSD
2025-01-01 open Expenses:Taxes:Y2025:US:Medicare                USD
2025-01-01 open Expenses:Taxes:Y2025:US:Federal                 USD
2025-01-01 open Expenses:Taxes:Y2025:US:CityNYC                 USD
2025-01-01 open Expenses:Taxes:Y2025:US:SDI                     USD
2025-01-01 open Expenses:Taxes:Y2025:US:State                   USD
2025-01-01 open Expenses:Taxes:Y2025:US:SocSec                  USD

2025-01-01 balance Assets:US:Federal:PreTax401k         0 IRAUSD

2025-01-01 * "Allowed contributions for one year"
  Income:US:Federal:PreTax401k                     -18500 IRAUSD
  Assets:US:Federal:PreTax401k                      18500 IRAUSD



* Expenses

1980-05-12 open Expenses:Food:Groceries
1980-05-12 open Expenses:Food:Restaurant
1980-05-12 open Expenses:Food:Coffee
1980-05-12 open Expenses:Food:Alcohol
1980-05-12 open Expenses:Transport:Tram
1980-05-12 open Expenses:Home:Rent
1980-05-12 open Expenses:Home:Electricity
1980-05-12 open Expenses:Home:Internet
1980-05-12 open Expenses:Home:Phone
1980-05-12 open Expenses:Financial:Fees
1980-05-12 open Expenses:Financial:Commissions



* Prices

2023-01-06 price VBMPX                             127.32 USD
2023-01-06 price RGAGX                              91.92 USD
2023-01-06 price ITOT                              182.61 USD
2023-01-06 price VEA                               159.84 USD
2023-01-06 price VHT                               144.22 USD
2023-01-06 price GLD                               120.66 USD
2023-01-13 price VBMPX                             127.76 USD
2023-01-13 price RGAGX                              92.16 USD
2023-01-13 price ITOT                              181.98 USD
2023-01-13 price VEA                               160.70 USD
2023-01-13 price VHT                               144.91 USD
2023-01-13 price GLD                               118.36 USD
2023-01-20 price VBMPX                             131.92 USD
2023-01-20 price RGAGX                              91.84 USD
2023-01-20 price ITOT                              177.71 USD
2023-01-20 price VEA                               160.87 USD
2023-01-20 price VHT                               143.72 USD
2023-01-20 price GLD                               117.12 USD
2023-01-27 price VBMPX                             132.50 USD
2023-01-27 price RGAGX                              91.09 USD
2023-01-27 price ITOT                              173.87 USD
2023-01-27 price VEA                               160.20 USD
2023-01-27 price VHT                               145.58 USD
2023-01-27 price GLD                               118.32 USD
2023-02-03 price VBMPX                             130.26 USD
2023-02-03 price RGAGX                              91.59 USD
2023-02-03 price ITOT                              175.53 USD
2023-02-03 price VEA                               160.03 USD
2023-02-03 price VHT                               143.44 USD
2023-02-03 price GLD                               118.54 USD
2023-02-10 price VBMPX                             129.45 USD
2023-02-10 price RGAGX                              92.02 USD
2023-02-10 price ITOT                              173.83 USD
2023-02-10 price VEA                               160.34 USD
2023-02-10 price VHT                               142.10 USD
2023-02-10 price GLD                               118.56 USD
2023-02-17 price VBMPX                             130.38 USD
2023-02-17 price RGAGX                              92.41 USD
2023-02-17 price ITOT                              175.46 USD
2023-02-17 price VEA                               161.11 USD
2023-02-17 price VHT                               141.18 USD
2023-02-17 price GLD                               118.20 USD
2023-02-24 price VBMPX                             127.43 USD
2023-02-24 price RGAGX                              93.31 USD
2023-02-24 price ITOT                              172.60 USD
2023-02-24 price VEA                               162.87 USD
2023-02-24 price VHT                               140.89 USD
2023-02-24 price GLD                               117.95 USD
2023-03-03 price VBMPX                             125.68 USD
2023-03-03 price RGAGX                              93.32 USD
2023-03-03 price ITOT                              177.57 USD
2023-03-03 price VEA                               162.25 USD
2023-03-03 price VHT                               141.63 USD
2023-03-03 price GLD                               118.65 USD
2023-03-10 price VBMPX                             121.33 USD
2023-03-10 price RGAGX                              93.46 USD
2023-03-10 price ITOT                              178.96 USD
2023-03-10 price VEA                               161.48 USD
2023-03-10 price VHT                               140.16 USD
2023-03-10 price GLD                               119.92 USD
2023-03-17 price VBMPX                             120.44 USD
2023-03-17 price RGAGX                              93.67 USD
2023-03-17 price ITOT                              184.13 USD
2023-03-17 price VEA                               161.38 USD
2023-03-17 price VHT                               141.61 USD
2023-03-17 price GLD                               119.47 USD
2023-03-24 price VBMPX                             121.45 USD
2023-03-24 price RGAGX                              93.28 USD
2023-03-24 price ITOT                              187.44 USD
2023-03-24 price VEA                               163.74 USD
2023-03-24 price VHT                               142.69 USD
2023-03-24 price GLD                               122.03 USD
2023-03-31 price VBMPX                             123.01 USD
2023-03-31 price RGAGX                              93.10 USD
2023-03-31 price ITOT                              190.54 USD
2023-03-31 price VEA                               164.81 USD
2023-03-31 price VHT                               144.23 USD
2023-03-31 price GLD                               125.45 USD
2023-04-07 price VBMPX                             121.25 USD
2023-04-07 price RGAGX                              92.96 USD
2023-04-07 price ITOT                              193.97 USD
2023-04-07 price VEA                               164.48 USD
2023-04-07 price VHT                               143.12 USD
2023-04-07 price GLD                               124.01 USD
2023-04-14 price VBMPX                             119.12 USD
2023-04-14 price RGAGX                              93.30 USD
2023-04-14 price ITOT                              191.78 USD
2023-04-14 price VEA                               165.14 USD
2023-04-14 price VHT                               144.78 USD
2023-04-14 price GLD                               125.97 USD
2023-04-21 price VBMPX                             118.75 USD
2023-04-21 price RGAGX                              93.47 USD
2023-04-21 price ITOT                              193.23 USD
2023-04-21 price VEA                               164.08 USD
2023-04-21 price VHT                               144.96 USD
2023-04-21 price GLD                               122.50 USD
2023-04-28 price VBMPX                             120.72 USD
2023-04-28 price RGAGX                              93.99 USD
2023-04-28 price ITOT                              198.98 USD
2023-04-28 price VEA                               162.12 USD
2023-04-28 price VHT                               143.83 USD
2023-04-28 price GLD                               122.86 USD
2023-05-05 price VBMPX                             116.39 USD
2023-05-05 price RGAGX                              94.31 USD
2023-05-05 price ITOT                              194.23 USD
2023-05-05 price VEA                               162.49 USD
2023-05-05 price VHT                               143.71 USD
2023-05-05 price GLD                               122.46 USD
2023-05-12 price VBMPX                             114.12 USD
2023-05-12 price RGAGX                              95.12 USD
2023-05-12 price ITOT                              196.88 USD
2023-05-12 price VEA                               163.50 USD
2023-05-12 price VHT                               141.05 USD
2023-05-12 price GLD                               123.38 USD
2023-05-19 price VBMPX                             113.95 USD
2023-05-19 price RGAGX                              95.40 USD
2023-05-19 price ITOT                              200.42 USD
2023-05-19 price VEA                               163.73 USD
2023-05-19 price VHT                               141.52 USD
2023-05-19 price GLD                               123.03 USD
2023-05-26 price VBMPX                             112.71 USD
2023-05-26 price RGAGX                              95.14 USD
2023-05-26 price ITOT                              200.07 USD
2023-05-26 price VEA                               165.41 USD
2023-05-26 price VHT                               143.18 USD
2023-05-26 price GLD                               123.01 USD
2023-06-02 price VBMPX                             114.31 USD
2023-06-02 price RGAGX                              95.05 USD
2023-06-02 price ITOT                              200.17 USD
2023-06-02 price VEA                               164.24 USD
2023-06-02 price VHT                               144.14 USD
2023-06-02 price GLD                               125.31 USD
2023-06-09 price VBMPX                             116.08 USD
2023-06-09 price RGAGX                              96.00 USD
2023-06-09 price ITOT                              204.41 USD
2023-06-09 price VEA                               164.43 USD
2023-06-09 price VHT                               145.58 USD
2023-06-09 price GLD                               126.21 USD
2023-06-16 price VBMPX                             117.84 USD
2023-06-16 price RGAGX                              96.39 USD
2023-06-16 price ITOT                              201.14 USD
2023-06-16 price VEA                               164.40 USD
2023-06-16 price VHT                               145.35 USD
2023-06-16 price GLD                               125.23 USD
2023-06-23 price VBMPX                             119.44 USD
2023-06-23 price RGAGX                              96.33 USD
2023-06-23 price ITOT                              203.61 USD
2023-06-23 price VEA                               164.23 USD
2023-06-23 price VHT                               145.36 USD
2023-06-23 price GLD                               124.48 USD
2023-06-30 price VBMPX                             117.45 USD
2023-06-30 price RGAGX                              95.48 USD
2023-06-30 price ITOT                              200.64 USD
2023-06-30 price VEA                               164.61 USD
2023-06-30 price VHT                               146.20 USD
2023-06-30 price GLD                               122.24 USD
2023-07-07 price VBMPX                             117.65 USD
2023-07-07 price RGAGX                              96.81 USD
2023-07-07 price ITOT                              200.91 USD
2023-07-07 price VEA                               165.19 USD
2023-07-07 price VHT                               145.34 USD
2023-07-07 price GLD                               121.42 USD
2023-07-14 price VBMPX                             117.65 USD
2023-07-14 price RGAGX                              97.16 USD
2023-07-14 price ITOT                              202.23 USD
2023-07-14 price VEA                               165.14 USD
2023-07-14 price VHT                               143.92 USD
2023-07-14 price GLD                               123.38 USD
2023-07-21 price VBMPX                             119.17 USD
2023-07-21 price RGAGX                              95.87 USD
2023-07-21 price ITOT                              202.05 USD
2023-07-21 price VEA                               165.65 USD
2023-07-21 price VHT                               144.13 USD
2023-07-21 price GLD                               125.30 USD
2023-07-28 price VBMPX                             119.05 USD
2023-07-28 price RGAGX                              95.20 USD
2023-07-28 price ITOT                              203.91 USD
2023-07-28 price VEA                               167.03 USD
2023-07-28 price VHT                               143.55 USD
2023-07-28 price GLD                               126.56 USD
2023-08-04 price VBMPX                             120.09 USD
2023-08-04 price RGAGX                              94.81 USD
2023-08-04 price ITOT                              204.12 USD
2023-08-04 price VEA                               167.71 USD
2023-08-04 price VHT                               142.35 USD
2023-08-04 price GLD                               127.82 USD
2023-08-11 price VBMPX                             118.46 USD
2023-08-11 price RGAGX                              95.10 USD
2023-08-11 price ITOT                              206.93 USD
2023-08-11 price VEA                               166.78 USD
2023-08-11 price VHT                               143.68 USD
2023-08-11 price GLD                               128.05 USD
2023-08-18 price VBMPX                             119.06 USD
2023-08-18 price RGAGX                              95.27 USD
2023-08-18 price ITOT                              211.16 USD
2023-08-18 price VEA                               169.27 USD
2023-08-18 price VHT                               145.03 USD
2023-08-18 price GLD                               129.83 USD
2023-08-25 price VBMPX                             122.35 USD
2023-08-25 price RGAGX                              96.14 USD
2023-08-25 price ITOT                              214.05 USD
2023-08-25 price VEA                               170.59 USD
2023-08-25 price VHT                               145.68 USD
2023-08-25 price GLD                               126.24 USD
2023-09-01 price VBMPX                             121.92 USD
2023-09-01 price RGAGX                              95.91 USD
2023-09-01 price ITOT                              217.83 USD
2023-09-01 price VEA                               169.70 USD
2023-09-01 price VHT                               145.71 USD
2023-09-01 price GLD                               126.29 USD
2023-09-08 price VBMPX                             125.76 USD
2023-09-08 price RGAGX                              96.06 USD
2023-09-08 price ITOT                              220.50 USD
2023-09-08 price VEA                               170.96 USD
2023-09-08 price VHT                               145.13 USD
2023-09-08 price GLD                               125.18 USD
2023-09-15 price VBMPX                             129.90 USD
2023-09-15 price RGAGX                              96.36 USD
2023-09-15 price ITOT                              222.04 USD
2023-09-15 price VEA                               169.95 USD
2023-09-15 price VHT                               145.04 USD
2023-09-15 price GLD                               124.48 USD
2023-09-22 price VBMPX                             129.68 USD
2023-09-22 price RGAGX                              95.41 USD
2023-09-22 price ITOT                              214.42 USD
2023-09-22 price VEA                               167.71 USD
2023-09-22 price VHT                               148.41 USD
2023-09-22 price GLD                               124.96 USD
2023-09-29 price VBMPX                             128.64 USD
2023-09-29 price RGAGX                              96.47 USD
2023-09-29 price ITOT                              219.23 USD
2023-09-29 price VEA                               165.70 USD
2023-09-29 price VHT                               148.10 USD
2023-09-29 price GLD                               121.71 USD
2023-10-06 price VBMPX                             125.64 USD
2023-10-06 price RGAGX                              96.49 USD
2023-10-06 price ITOT                              214.43 USD
2023-10-06 price VEA                               168.65 USD
2023-10-06 price VHT                               145.71 USD
2023-10-06 price GLD                               123.26 USD
2023-10-13 price VBMPX                             121.65 USD
2023-10-13 price RGAGX                              95.92 USD
2023-10-13 price ITOT                              214.95 USD
2023-10-13 price VEA                               168.84 USD
2023-10-13 price VHT                               144.44 USD
2023-10-13 price GLD                               124.99 USD
2023-10-20 price VBMPX                             120.93 USD
2023-10-20 price RGAGX                              96.11 USD
2023-10-20 price ITOT                              217.70 USD
2023-10-20 price VEA                               168.01 USD
2023-10-20 price VHT                               145.51 USD
2023-10-20 price GLD                               128.91 USD
2023-10-27 price VBMPX                             127.01 USD
2023-10-27 price RGAGX                              94.97 USD
2023-10-27 price ITOT                              221.98 USD
2023-10-27 price VEA                               168.08 USD
2023-10-27 price VHT                               144.49 USD
2023-10-27 price GLD                               131.44 USD
2023-11-03 price VBMPX                             130.92 USD
2023-11-03 price RGAGX                              94.35 USD
2023-11-03 price ITOT                              220.93 USD
2023-11-03 price VEA                               168.91 USD
2023-11-03 price VHT                               143.33 USD
2023-11-03 price GLD                               133.73 USD
2023-11-10 price VBMPX                             132.25 USD
2023-11-10 price RGAGX                              95.17 USD
2023-11-10 price ITOT                              222.81 USD
2023-11-10 price VEA                               169.05 USD
2023-11-10 price VHT                               143.52 USD
2023-11-10 price GLD                               131.74 USD
2023-11-17 price VBMPX                             133.93 USD
2023-11-17 price RGAGX                              94.82 USD
2023-11-17 price ITOT                              228.15 USD
2023-11-17 price VEA                               169.72 USD
2023-11-17 price VHT                               144.36 USD
2023-11-17 price GLD                               133.12 USD
2023-11-24 price VBMPX                             136.78 USD
2023-11-24 price RGAGX                              95.43 USD
2023-11-24 price ITOT                              229.12 USD
2023-11-24 price VEA                               171.61 USD
2023-11-24 price VHT                               141.67 USD
2023-11-24 price GLD                               134.58 USD
2023-12-01 price VBMPX                             138.28 USD
2023-12-01 price RGAGX                              95.79 USD
2023-12-01 price ITOT                              235.21 USD
2023-12-01 price VEA                               170.54 USD
2023-12-01 price VHT                               143.80 USD
2023-12-01 price GLD                               133.36 USD
2023-12-08 price VBMPX                             134.40 USD
2023-12-08 price RGAGX                              95.91 USD
2023-12-08 price ITOT                              240.27 USD
2023-12-08 price VEA                               169.62 USD
2023-12-08 price VHT                               143.63 USD
2023-12-08 price GLD                               133.73 USD
2023-12-15 price VBMPX                             136.95 USD
2023-12-15 price RGAGX                              96.54 USD
2023-12-15 price ITOT                              242.87 USD
2023-12-15 price VEA                               167.55 USD
2023-12-15 price VHT                               142.99 USD
2023-12-15 price GLD                               135.38 USD
2023-12-22 price VBMPX                             136.49 USD
2023-12-22 price RGAGX                              97.53 USD
2023-12-22 price ITOT                              229.19 USD
2023-12-22 price VEA                               169.61 USD
2023-12-22 price VHT                               142.13 USD
2023-12-22 price GLD                               134.30 USD
2023-12-29 price VBMPX                             138.87 USD
2023-12-29 price RGAGX                              96.58 USD
2023-12-29 price ITOT                              224.18 USD
2023-12-29 price VEA                               171.55 USD
2023-12-29 price VHT                               141.80 USD
2023-12-29 price GLD                               131.97 USD
2024-01-05 price VBMPX                             135.92 USD
2024-01-05 price RGAGX                              96.53 USD
2024-01-05 price ITOT                              223.58 USD
2024-01-05 price VEA                               173.74 USD
2024-01-05 price VHT                               140.56 USD
2024-01-05 price GLD                               131.89 USD
2024-01-12 price VBMPX                             142.79 USD
2024-01-12 price RGAGX                              96.82 USD
2024-01-12 price ITOT                              228.28 USD
2024-01-12 price VEA                               175.75 USD
2024-01-12 price VHT                               139.67 USD
2024-01-12 price GLD                               130.05 USD
2024-01-19 price VBMPX                             147.53 USD
2024-01-19 price RGAGX                              96.65 USD
2024-01-19 price ITOT                              231.21 USD
2024-01-19 price VEA                               176.86 USD
2024-01-19 price VHT                               140.39 USD
2024-01-19 price GLD                               127.15 USD
2024-01-26 price VBMPX                             145.73 USD
2024-01-26 price RGAGX                              96.13 USD
2024-01-26 price ITOT                              232.20 USD
2024-01-26 price VEA                               179.15 USD
2024-01-26 price VHT                               140.19 USD
2024-01-26 price GLD                               131.63 USD
2024-02-02 price VBMPX                             147.00 USD
2024-02-02 price RGAGX                              96.04 USD
2024-02-02 price ITOT                              237.09 USD
2024-02-02 price VEA                               178.87 USD
2024-02-02 price VHT                               140.60 USD
2024-02-02 price GLD                               131.52 USD
2024-02-09 price VBMPX                             148.91 USD
2024-02-09 price RGAGX                              95.38 USD
2024-02-09 price ITOT                              242.24 USD
2024-02-09 price VEA                               181.73 USD
2024-02-09 price VHT                               139.45 USD
2024-02-09 price GLD                               130.67 USD
2024-02-16 price VBMPX                             144.85 USD
2024-02-16 price RGAGX                              95.74 USD
2024-02-16 price ITOT                              238.79 USD
2024-02-16 price VEA                               183.66 USD
2024-02-16 price VHT                               140.64 USD
2024-02-16 price GLD                               127.40 USD
2024-02-23 price VBMPX                             142.00 USD
2024-02-23 price RGAGX                              96.96 USD
2024-02-23 price ITOT                              232.11 USD
2024-02-23 price VEA                               185.49 USD
2024-02-23 price VHT                               140.39 USD
2024-02-23 price GLD                               126.71 USD
2024-03-01 price VBMPX                             141.71 USD
2024-03-01 price RGAGX                              96.42 USD
2024-03-01 price ITOT                              232.74 USD
2024-03-01 price VEA                               186.40 USD
2024-03-01 price VHT                               140.85 USD
2024-03-01 price GLD                               126.57 USD
2024-03-08 price VBMPX                             143.15 USD
2024-03-08 price RGAGX                              95.88 USD
2024-03-08 price ITOT                              230.93 USD
2024-03-08 price VEA                               186.94 USD
2024-03-08 price VHT                               140.87 USD
2024-03-08 price GLD                               125.88 USD
2024-03-15 price VBMPX                             141.21 USD
2024-03-15 price RGAGX                              96.07 USD
2024-03-15 price ITOT                              227.67 USD
2024-03-15 price VEA                               187.33 USD
2024-03-15 price VHT                               143.64 USD
2024-03-15 price GLD                               126.05 USD
2024-03-22 price VBMPX                             143.82 USD
2024-03-22 price RGAGX                              96.16 USD
2024-03-22 price ITOT                              227.79 USD
2024-03-22 price VEA                               188.34 USD
2024-03-22 price VHT                               144.36 USD
2024-03-22 price GLD                               126.75 USD
2024-03-29 price VBMPX                             146.99 USD
2024-03-29 price RGAGX                              97.00 USD
2024-03-29 price ITOT                              224.87 USD
2024-03-29 price VEA                               189.57 USD
2024-03-29 price VHT                               145.45 USD
2024-03-29 price GLD                               127.11 USD
2024-04-05 price VBMPX                             150.33 USD
2024-04-05 price RGAGX                              97.51 USD
2024-04-05 price ITOT                              228.06 USD
2024-04-05 price VEA                               190.79 USD
2024-04-05 price VHT                               146.24 USD
2024-04-05 price GLD                               129.37 USD
2024-04-12 price VBMPX                             149.27 USD
2024-04-12 price RGAGX                              97.62 USD
2024-04-12 price ITOT                              235.10 USD
2024-04-12 price VEA                               191.45 USD
2024-04-12 price VHT                               145.71 USD
2024-04-12 price GLD                               127.16 USD
2024-04-19 price VBMPX                             148.69 USD
2024-04-19 price RGAGX                              98.30 USD
2024-04-19 price ITOT                              236.66 USD
2024-04-19 price VEA                               189.83 USD
2024-04-19 price VHT                               143.67 USD
2024-04-19 price GLD                               124.40 USD
2024-04-26 price VBMPX                             148.45 USD
2024-04-26 price RGAGX                              98.04 USD
2024-04-26 price ITOT                              242.54 USD
2024-04-26 price VEA                               191.27 USD
2024-04-26 price VHT                               144.13 USD
2024-04-26 price GLD                               124.08 USD
2024-05-03 price VBMPX                             148.44 USD
2024-05-03 price RGAGX                              97.60 USD
2024-05-03 price ITOT                              241.48 USD
2024-05-03 price VEA                               190.37 USD
2024-05-03 price VHT                               142.58 USD
2024-05-03 price GLD                               125.50 USD
2024-05-10 price VBMPX                             151.30 USD
2024-05-10 price RGAGX                              96.55 USD
2024-05-10 price ITOT                              245.12 USD
2024-05-10 price VEA                               189.92 USD
2024-05-10 price VHT                               142.55 USD
2024-05-10 price GLD                               126.96 USD
2024-05-17 price VBMPX                             151.19 USD
2024-05-17 price RGAGX                              95.93 USD
2024-05-17 price ITOT                              254.95 USD
2024-05-17 price VEA                               192.14 USD
2024-05-17 price VHT                               143.56 USD
2024-05-17 price GLD                               128.72 USD
2024-05-24 price VBMPX                             146.45 USD
2024-05-24 price RGAGX                              95.74 USD
2024-05-24 price ITOT                              251.89 USD
2024-05-24 price VEA                               189.46 USD
2024-05-24 price VHT                               143.32 USD
2024-05-24 price GLD                               126.59 USD
2024-05-31 price VBMPX                             142.88 USD
2024-05-31 price RGAGX                              96.55 USD
2024-05-31 price ITOT                              252.34 USD
2024-05-31 price VEA                               190.73 USD
2024-05-31 price VHT                               142.87 USD
2024-05-31 price GLD                               127.26 USD
2024-06-07 price VBMPX                             147.04 USD
2024-06-07 price RGAGX                              97.43 USD
2024-06-07 price ITOT                              250.93 USD
2024-06-07 price VEA                               193.42 USD
2024-06-07 price VHT                               141.90 USD
2024-06-07 price GLD                               130.02 USD
2024-06-14 price VBMPX                             153.83 USD
2024-06-14 price RGAGX                              96.97 USD
2024-06-14 price ITOT                              250.32 USD
2024-06-14 price VEA                               195.83 USD
2024-06-14 price VHT                               140.49 USD
2024-06-14 price GLD                               127.46 USD
2024-06-21 price VBMPX                             155.41 USD
2024-06-21 price RGAGX                              98.25 USD
2024-06-21 price ITOT                              252.92 USD
2024-06-21 price VEA                               197.71 USD
2024-06-21 price VHT                               139.83 USD
2024-06-21 price GLD                               129.69 USD
2024-06-28 price VBMPX                             156.73 USD
2024-06-28 price RGAGX                              98.04 USD
2024-06-28 price ITOT                              245.77 USD
2024-06-28 price VEA                               199.79 USD
2024-06-28 price VHT                               140.15 USD
2024-06-28 price GLD                               131.23 USD
2024-07-05 price VBMPX                             156.91 USD
2024-07-05 price RGAGX                              99.02 USD
2024-07-05 price ITOT                              245.07 USD
2024-07-05 price VEA                               199.83 USD
2024-07-05 price VHT                               140.96 USD
2024-07-05 price GLD                               130.80 USD
2024-07-12 price VBMPX                             154.82 USD
2024-07-12 price RGAGX                              98.54 USD
2024-07-12 price ITOT                              246.98 USD
2024-07-12 price VEA                               200.24 USD
2024-07-12 price VHT                               139.33 USD
2024-07-12 price GLD                               131.31 USD
2024-07-19 price VBMPX                             152.50 USD
2024-07-19 price RGAGX                             100.35 USD
2024-07-19 price ITOT                              237.69 USD
2024-07-19 price VEA                               201.53 USD
2024-07-19 price VHT                               139.82 USD
2024-07-19 price GLD                               131.48 USD
2024-07-26 price VBMPX                             152.79 USD
2024-07-26 price RGAGX                              99.88 USD
2024-07-26 price ITOT                              234.96 USD
2024-07-26 price VEA                               204.30 USD
2024-07-26 price VHT                               139.71 USD
2024-07-26 price GLD                               130.36 USD
2024-08-02 price VBMPX                             147.60 USD
2024-08-02 price RGAGX                              99.52 USD
2024-08-02 price ITOT                              240.38 USD
2024-08-02 price VEA                               202.25 USD
2024-08-02 price VHT                               140.62 USD
2024-08-02 price GLD                               132.77 USD
2024-08-09 price VBMPX                             150.68 USD
2024-08-09 price RGAGX                              98.20 USD
2024-08-09 price ITOT                              242.05 USD
2024-08-09 price VEA                               201.41 USD
2024-08-09 price VHT                               138.85 USD
2024-08-09 price GLD                               130.94 USD
2024-08-16 price VBMPX                             152.20 USD
2024-08-16 price RGAGX                              97.68 USD
2024-08-16 price ITOT                              239.83 USD
2024-08-16 price VEA                               204.14 USD
2024-08-16 price VHT                               139.54 USD
2024-08-16 price GLD                               132.58 USD
2024-08-23 price VBMPX                             152.54 USD
2024-08-23 price RGAGX                              98.16 USD
2024-08-23 price ITOT                              243.95 USD
2024-08-23 price VEA                               205.69 USD
2024-08-23 price VHT                               141.15 USD
2024-08-23 price GLD                               130.05 USD
2024-08-30 price VBMPX                             152.68 USD
2024-08-30 price RGAGX                              98.39 USD
2024-08-30 price ITOT                              248.36 USD
2024-08-30 price VEA                               209.04 USD
2024-08-30 price VHT                               140.28 USD
2024-08-30 price GLD                               129.25 USD
2024-09-06 price VBMPX                             153.29 USD
2024-09-06 price RGAGX                              97.80 USD
2024-09-06 price ITOT                              259.28 USD
2024-09-06 price VEA                               206.93 USD
2024-09-06 price VHT                               141.42 USD
2024-09-06 price GLD                               128.12 USD
2024-09-13 price VBMPX                             153.74 USD
2024-09-13 price RGAGX                              97.84 USD
2024-09-13 price ITOT                              263.81 USD
2024-09-13 price VEA                               208.53 USD
2024-09-13 price VHT                               141.47 USD
2024-09-13 price GLD                               127.82 USD
2024-09-20 price VBMPX                             151.55 USD
2024-09-20 price RGAGX                              98.21 USD
2024-09-20 price ITOT                              268.38 USD
2024-09-20 price VEA                               211.78 USD
2024-09-20 price VHT                               140.41 USD
2024-09-20 price GLD                               127.56 USD
2024-09-27 price VBMPX                             148.59 USD
2024-09-27 price RGAGX                              98.75 USD
2024-09-27 price ITOT                              270.76 USD
2024-09-27 price VEA                               213.94 USD
2024-09-27 price VHT                               140.96 USD
2024-09-27 price GLD                               125.89 USD
2024-10-04 price VBMPX                             147.78 USD
2024-10-04 price RGAGX                              97.95 USD
2024-10-04 price ITOT                              270.88 USD
2024-10-04 price VEA                               212.68 USD
2024-10-04 price VHT                               140.08 USD
2024-10-04 price GLD                               125.35 USD
2024-10-11 price VBMPX                             150.17 USD
2024-10-11 price RGAGX                              98.01 USD
2024-10-11 price ITOT                              270.13 USD
2024-10-11 price VEA                               213.95 USD
2024-10-11 price VHT                               141.92 USD
2024-10-11 price GLD                               129.58 USD
2024-10-18 price VBMPX                             152.11 USD
2024-10-18 price RGAGX                              98.03 USD
2024-10-18 price ITOT                              272.43 USD
2024-10-18 price VEA                               214.64 USD
2024-10-18 price VHT                               140.72 USD
2024-10-18 price GLD                               129.08 USD
2024-10-25 price VBMPX                             155.35 USD
2024-10-25 price RGAGX                              99.81 USD
2024-10-25 price ITOT                              278.82 USD
2024-10-25 price VEA                               214.80 USD
2024-10-25 price VHT                               141.88 USD
2024-10-25 price GLD                               128.19 USD
2024-11-01 price VBMPX                             153.94 USD
2024-11-01 price RGAGX                              99.65 USD
2024-11-01 price ITOT                              285.24 USD
2024-11-01 price VEA                               214.30 USD
2024-11-01 price VHT                               140.67 USD
2024-11-01 price GLD                               130.03 USD
2024-11-08 price VBMPX                             151.32 USD
2024-11-08 price RGAGX                              99.51 USD
2024-11-08 price ITOT                              284.26 USD
2024-11-08 price VEA                               214.92 USD
2024-11-08 price VHT                               141.32 USD
2024-11-08 price GLD                               128.63 USD
2024-11-15 price VBMPX                             153.75 USD
2024-11-15 price RGAGX                              98.75 USD
2024-11-15 price ITOT                              289.70 USD
2024-11-15 price VEA                               215.25 USD
2024-11-15 price VHT                               144.12 USD
2024-11-15 price GLD                               125.86 USD
2024-11-22 price VBMPX                             158.29 USD
2024-11-22 price RGAGX                              99.37 USD
2024-11-22 price ITOT                              293.11 USD
2024-11-22 price VEA                               216.43 USD
2024-11-22 price VHT                               145.50 USD
2024-11-22 price GLD                               125.37 USD
2024-11-29 price VBMPX                             158.13 USD
2024-11-29 price RGAGX                              99.82 USD
2024-11-29 price ITOT                              299.24 USD
2024-11-29 price VEA                               216.43 USD
2024-11-29 price VHT                               143.14 USD
2024-11-29 price GLD                               130.52 USD
2024-12-06 price VBMPX                             158.82 USD
2024-12-06 price RGAGX                             100.33 USD
2024-12-06 price ITOT                              293.38 USD
2024-12-06 price VEA                               218.80 USD
2024-12-06 price VHT                               141.97 USD
2024-12-06 price GLD                               131.02 USD
2024-12-13 price VBMPX                             160.42 USD
2024-12-13 price RGAGX                             101.25 USD
2024-12-13 price ITOT                              299.65 USD
2024-12-13 price VEA                               218.13 USD
2024-12-13 price VHT                               140.41 USD
2024-12-13 price GLD                               132.61 USD
2024-12-20 price VBMPX                             161.22 USD
2024-12-20 price RGAGX                             102.38 USD
2024-12-20 price ITOT                              302.71 USD
2024-12-20 price VEA                               219.27 USD
2024-12-20 price VHT                               141.06 USD
2024-12-20 price GLD                               133.07 USD
2024-12-27 price VBMPX                             158.48 USD
2024-12-27 price RGAGX                             103.68 USD
2024-12-27 price ITOT                              303.43 USD
2024-12-27 price VEA                               220.04 USD
2024-12-27 price VHT                               142.14 USD
2024-12-27 price GLD                               133.28 USD
2025-01-03 price VBMPX                             157.31 USD
2025-01-03 price RGAGX                             103.82 USD
2025-01-03 price ITOT                              302.77 USD
2025-01-03 price VEA                               221.11 USD
2025-01-03 price VHT                               142.52 USD
2025-01-03 price GLD                               131.80 USD
2025-01-10 price VBMPX                             155.42 USD
2025-01-10 price RGAGX                             103.97 USD
2025-01-10 price ITOT                              299.79 USD
2025-01-10 price VEA                               223.90 USD
2025-01-10 price VHT                               140.35 USD
2025-01-10 price GLD                               128.73 USD
2025-01-17 price VBMPX                             161.95 USD
2025-01-17 price RGAGX                             104.49 USD
2025-01-17 price ITOT                              299.90 USD
2025-01-17 price VEA                               226.68 USD
2025-01-17 price VHT                               141.24 USD
2025-01-17 price GLD                               129.73 USD
2025-01-24 price VBMPX                             166.70 USD
2025-01-24 price RGAGX                             104.66 USD
2025-01-24 price ITOT                              303.58 USD
2025-01-24 price VEA                               224.66 USD
2025-01-24 price VHT                               142.26 USD
2025-01-24 price GLD                               133.53 USD
2025-01-31 price VBMPX                             164.17 USD
2025-01-31 price RGAGX                             104.48 USD
2025-01-31 price ITOT                              302.28 USD
2025-01-31 price VEA                               224.43 USD
2025-01-31 price VHT                               139.67 USD
2025-01-31 price GLD                               134.94 USD
2025-02-07 price VBMPX                             165.23 USD
2025-02-07 price RGAGX                             104.82 USD
2025-02-07 price ITOT                              305.33 USD
2025-02-07 price VEA                               224.50 USD
2025-02-07 price VHT                               140.08 USD
2025-02-07 price GLD                               131.44 USD
2025-02-14 price VBMPX                             165.92 USD
2025-02-14 price RGAGX                             105.76 USD
2025-02-14 price ITOT                              304.72 USD
2025-02-14 price VEA                               221.40 USD
2025-02-14 price VHT                               137.52 USD
2025-02-14 price GLD                               132.13 USD
2025-02-21 price VBMPX                             169.21 USD
2025-02-21 price RGAGX                             106.45 USD
2025-02-21 price ITOT                              302.81 USD
2025-02-21 price VEA                               222.13 USD
2025-02-21 price VHT                               137.28 USD
2025-02-21 price GLD                               133.81 USD
2025-02-28 price VBMPX                             166.52 USD
2025-02-28 price RGAGX                             106.79 USD
2025-02-28 price ITOT                              290.15 USD
2025-02-28 price VEA                               224.48 USD
2025-02-28 price VHT                               136.76 USD
2025-02-28 price GLD                               132.93 USD
2025-03-07 price VBMPX                             166.52 USD
2025-03-07 price RGAGX                             105.97 USD
2025-03-07 price ITOT                              291.95 USD
2025-03-07 price VEA                               225.54 USD
2025-03-07 price VHT                               138.03 USD
2025-03-07 price GLD                               130.64 USD
2025-03-14 price VBMPX                             163.67 USD
2025-03-14 price RGAGX                             107.42 USD
2025-03-14 price ITOT                              289.62 USD
2025-03-14 price VEA                               225.66 USD
2025-03-14 price VHT                               139.22 USD
2025-03-14 price GLD                               127.45 USD
2025-03-21 price VBMPX                             161.99 USD
2025-03-21 price RGAGX                             106.76 USD
2025-03-21 price ITOT                              294.88 USD
2025-03-21 price VEA                               226.54 USD
2025-03-21 price VHT                               141.45 USD
2025-03-21 price GLD                               126.82 USD



* Cash

